4146 5958
500 443 548 510 D’
565 442 751 510 Annozro
766 475 819 498 —.-
837 439 1056 526 Quarnuus
1084 439 1354 507 PnurAuorrus
1382 453 1467 506 nro.
1642 441 1663 506 9

234 637 523 706 existimatione
549 636 617 702 illo
647 633 829 700 damnato
858 632 1042 718 cepimus,
1064 650 1177 715 quam
1210 650 1256 698 ex
1286 630 1425 717 ipsius,
1455 633 1485 698 si
1516 633 1718 702 absolutus

234 773 345 854 esset,
376 767 501 855 gratia
529 763 818 848 cepissemus».
849 759 905 853 (Ι,
947 765 988 848 4,
1020 761 1068 847 2).
1100 762 1174 829 Sed
1203 762 1328 828 utitur
1358 763 1472 830 verbo
1502 765 1716 851 troaslpere,

234 905 279 967 ut
306 899 511 986 significet,
541 894 698 979 aliquod
727 895 929 961 eonsilium
962 914 1001 962 se
1030 899 1187 962 nactum
1218 913 1300 962 esse
1329 894 1484 962 adrem
1516 896 1718 980 expedien-

235 1028 334 1096 dam.
362 1027 515 1094 Diserte
545 1027 673 1091 autem
705 1023 860 1107 fatetur,
891 1024 1000 1090 illum
1037 1023 1261 1089 damnatum
1298 1042 1391 1108 esse,
1422 1043 1508 1089 eum
1538 1025 1718 1094 Valerius

233 1162 349 1245 neget
377 1154 587 1240 quidquam
618 1151 913 1235 pronuntiatum
944 1169 1037 1218 esse.
1055 1151 1197 1217 Verum
1228 1151 1531 1232 damnationem,
1562 1152 1609 1219 de
1641 1164 1718 1238 qua

235 1287 408 1371 loquitur
437 1284 581 1366 (licere,
612 1280 659 1348 ad
689 1299 766 1347 rem
799 1280 922 1363 ipsam
953 1279 1083 1349 referri
1114 1279 1297 1365 suspicer,
1328 1299 1414 1347 cunr
1435 1300 1548 1348 nemo
1569 1282 1720 1350 dubita-

237 1417 346 1502 verit,
377 1417 471 1500 quin
501 1416 629 1481 Macer
658 1432 745 1480 reus
766 1411 1011 1478 damnandus
1031 1417 1144 1498 esset,
1168 1431 1243 1478 nou
1265 1412 1311 1478 ad
1333 1415 1581 1500 sententiam,
1603 1435 1718 1500 quam

236 1547 384 1614 itulices
414 1543 766 1629 pronuntiaverint.
798 1543 960 1628 eroquo
990 1540 1102 1607 modo
1140 1561 1199 1608 res
1227 1561 1267 1608 se
1296 1541 1461 1627 habuit,
1499 1543 1717 1627 putandum

236 1681 307 1774 est,
338 1675 596 1742 narrationem
626 1671 964 1754 Plutarchianam,
994 1671 1088 1736 satis
1116 1670 1240 1738 susam
1271 1676 1310 1738 et
1339 1673 1607 1759 perspicuam,
1638 1694 1715 1740 nou

238 1807 286 1872 ab
314 1806 405 1889 illis,
435 1822 533 1886 quae
554 1821 668 1885 supra
688 1800 906 1884 attulimus,
926 1799 1054 1866 uerbis
1074 1799 1266 1866 Tullianis
1286 1797 1456 1885 fluxisse,
1477 1801 1543 1867 ubi
1574 1821 1634 1870 res
1657 1803 1720 1870 vix

238 1935 426 2022 tangitur,
456 1936 496 2000 et
524 1932 570 1999 de
600 1950 693 1997 neec
722 1919 840 1996 Maeri
871 1929 1030 1994 omnino
1060 1929 1209 1996 silatum

343 2063 449 2130 Nihil
471 2062 592 2128 liabeo
612 2059 713 2144 quod
735 2058 858 2125 dicam
880 2057 927 2124 de
947 2057 1073 2124 verbis
1094 2057 1301 2144 dicacibus,
1322 2079 1420 2144 quae
1438 2061 1598 2130 Vatinio
1619 2063 1721 2131 Oloe-

237 2217 277 2263 ro
306 2194 545 2279 responderit
575 2192 702 2258 neseio
731 2190 825 2274 quid
854 2190 902 2256 ab
932 2209 976 2256 eo
1005 2190 1180 2271 petenti:
1210 2191 1282 2255 ἀλλ’
1294 2183 1355 2276 ἐγὼ
1379 2193 1435 2256 οὐκ
1458 2193 1522 2279 ἔχω
1544 2194 1722 2278 τηλικοῦτον

235 2323 398 2410 τράχηλον.
432 2322 506 2391 Sed
535 2322 660 2389 obiter
688 2339 837 2405 moneo,
868 2319 1061 2403 duplicem
1092 2320 1230 2405 iocum,
1251 2319 1315 2403 qui
1338 2321 1465 2390 inesse
1485 2323 1620 2391 debuit
1643 2345 1723 2392 ver-

178 2435 190 2448 ’
239 2451 295 2518 bis
315 2453 518 2536 Tullianis,
540 2452 602 2518 vix
623 2449 778 2537 agnosci
800 2449 839 2514 in
858 2447 1289 2515 Plutareh0.1udieium
1310 2454 1438 2538 auteur
1461 2423 1718 2522 Manilianum
1801 2455 1803 2458 ’

238 2602 313 2649 non
345 2582 513 2649 adducor
542 2585 587 2647 ut
615 2580 796 2664 credam,
827 2577 1150 2662 quemadmodum
1194 2580 1279 2645 vult
1321 2580 1486 2663 scriptor
1527 2583 1722 2672 Graecus,

223 2715 364 2810 ¹ectum
397 2730 478 2778 esse
507 2730 552 2776 eo
581 2730 696 2794 anno,
726 2729 802 2792 quo
833 2707 964 2775 Oicero
994 2712 1211 2790 praeturam
1232 2714 1392 2795 gereret.
1414 2711 1546 2794 Neque
1576 2717 1634 2780 est
1655 2715 1723 2782 du-

238 2810 358 2924 bium,
388 2838 481 2922 quin
512 2836 575 2904 hie
613 2833 829 2904 defenderit
875 2835 1113 2920 Manilium,
1152 2835 1255 2918 quod
1293 2856 1380 2903 eum
1410 2857 1456 2904 ex
1484 2840 1653 2906 Asconio
1683 2849 1722 2910 et

238 2969 364 3036 Nonio
394 2973 476 3034 tum
506 2987 527 3034 e
558 2969 601 3054 Q.
632 2966 815 3034 Oicerene
845 2966 879 3053 1)
906 2971 1038 3050 patet:
1070 2966 1136 3033 sed
1166 2967 1206 3032 in
1236 2971 1417 3050 praetura
1444 2971 1570 3056 legem
1600 2972 1724 3040 Mani-

238 3097 331 3162 liam
363 3095 490 3162 suasit
514 3095 560 3160 de
590 3096 751 3179 imperio
781 3095 850 3163 (lu.
881 3095 1074 3178 Pompeii;
1104 3114 1180 3178 quo
1209 3100 1381 3180 tempore
1411 3098 1492 3182 ipse
1522 3099 1722 3187 Manilius,

239 3247 324 3293 eum
356 3230 456 3293 esset
487 3227 665 3294 tribunus
695 3226 845 3310 plebis,
877 3243 1001 3308 neque
1029 3224 1198 3292 aecrrsari
1220 3243 1347 3308 neque
1367 3226 1520 3293 defendi
1555 3234 1722 3318 poterat,
1800 3285 1803 3295 ,

239 3358 296 3424 sui
329 3357 499 3423 muneris
527 3358 734 3424 sanctitate
764 3361 902 3423 tectus
923 3356 1001 3422 Nee
1030 3374 1119 3421 vero
1141 3355 1340 3441 intellego,
1362 3376 1438 3439 quo
1465 3361 1579 3441 pacto
1602 3361 1724 3429 Mani-

239 3487 329 3570 lius,
359 3486 424 3568 qui
456 3485 608 3551 nullum
640 3486 909 3571 magistratum
940 3489 1055 3552 antea
1083 3485 1285 3570 gessisset,
1316 3504 1403 3552 reus
1432 3488 1557 3554 faetus
1587 3491 1638 3556 sit
1668 3510 1723 3558 re-

240 3616 511 3698 petundarum.
543 3615 667 3701 Quare
698 3615 939 3698 coniecerim,
970 3635 992 3680 a
1020 3616 1228 3682 Plutarcho
1258 3615 1454 3682 confusam
1486 3636 1568 3685 esse
1597 3620 1719 3707 legem

243 3745 395 3811 Manilii
427 3763 513 3809 cum
544 3742 714 3810 eiusdem
745 3762 871 3827 eausa,
893 3761 1008 3824 quam
1039 3747 1097 3809 est
1126 3742 1335 3809 verisimile
1366 3747 1451 3826 post
1480 3763 1627 3811 annum
1657 3749 1722 3813 tri·

245 3872 413 3939 bunetus
442 3874 567 3938 actam
597 3890 690 3939 esse.

350 4001 538 4069 Kalendis
567 4001 759 4069 Ianuariis
788 4002 882 4069 anni
912 4003 1016 4086 691,
1047 4021 1122 4084 quo
1160 3999 1291 4069 (litero
1330 4004 1574 4069 consulatum
1606 4004 1722 4089 iniit,

243 4132 381 4199 civitas
410 4136 492 4198 erat
520 4133 635 4215 plena
665 4131 940 4198 sollicitudinis
962 4151 1004 4197 ac
1026 4132 1187 4216 timoris,
1211 4131 1374 4198 maxime
1394 4132 1442 4197 ob
1462 4133 1586 4218 legem
1619 4153 1741 4220 agra-v

241 4263 350 4346 riam,
373 4281 486 4346 quam
517 4267 686 4329 extremo
716 4280 847 4329 mense
878 4262 1085 4344 superioris
1105 4263 1196 4328 anni
1218 4263 1260 4329 P.
1278 4262 1465 4328 Servilius
1485 4264 1623 4331 Rullus
1643 4285 1725 4349 pro-

242 4394 494 4479 mulgaverat,
516 4397 560 4458 ut
589 4389 792 4458 decemviri
825 4395 1057 4475 crearentur,
1089 4391 1228 4474 quibus
1258 4411 1408 4458 summa
1437 4394 1726 4476 permitteretur

242 4524 411 4604 potestas
430 4519 470 4585 in
493 4538 670 4605 agrorum
692 4519 916 4586 venditione
946 4523 1063 4602 atque
1092 4520 1288 4602 emptione
1318 4521 1632 4606 coloniarumque
1663 4523 1723 4591 de·

242 4647 436 4716 ductione.
458 4649 502 4716 In
526 4650 682 4717 Rullum
706 4650 837 4718 (licere
858 4651 992 4717 consul
1022 4651 1199 4716 invectus
1228 4654 1287 4718 est
1316 4651 1441 4719 tribus
1469 4653 1722 4739 orationibus,

243 4796 402 4860 quarum
435 4777 595 4860 primam
626 4777 765 4845 habuit
795 4777 833 4842 in
865 4782 1001 4845 senatu
1033 4777 1220 4844 Kalendis
1250 4778 1363 4864 ipsis,
1394 4780 1555 4846 alteram
1586 4782 1624 4846 et
1653 4783 1725 4846 ter-

324 5047 355 5126 1)
378 5053 488 5107 Asson.
513 5063 538 5120 p.
561 5020 602 5104 57'
623 5044 789 5122 Kiessling.
820 5047 896 5106 Non.
921 5067 949 5124 p.
972 5051 1031 5108 434
1054 5048 1143 5118 MQ
1175 5047 1270 5106 Cicer.
1293 5047 1329 5105 de
1357 5014 1724 5125 persuaderentur,

245 5175 263 5253 ξ
285 5149 334 5231 51.
357 5172 502 5249 Suspicor
522 5186 645 5230 cetrsam
670 5170 790 5230 Manilii
814 5178 913 5232 aetam
938 5190 1005 5233 esse
1028 5190 1055 5229 a.
1077 5172 1146 5234 689.
