4146 5958
493 440 542 508 D’
558 439 742 507 Annonro
757 479 810 490 --
826 442 1043 527 Qunrnuus
1071 443 1337 514 Pnurnacaus
1366 457 1449 529 nnc.
1597 449 1644 513 25

227 632 401 720 tradidit,
423 634 495 718 qui
519 634 682 718 patriam
711 634 882 720 reliquit,
911 633 1063 720 Italiam
1096 634 1294 718 relinquit,
1317 634 1346 701 si
1379 636 1511 721 malni,
1533 637 1732 725 contigit31

229 763 356 830 victus
387 782 469 828 sum
493 773 524 830 r'.
546 760 725 829 Ceterum
754 762 829 830 iam
860 763 906 830 de
935 763 1133 848 provincia
1161 761 1348 866 decedens
1372 764 1414 829 in
1434 764 1574 832 itinere
1593 765 1716 834 Athe,

194 913 196 922 ·
233 893 294 960 nis
324 891 372 960 ad
392 887 578 960 Atticum
608 892 821 976 scripserat,
852 890 944 976 quid
975 895 1176 978 spectaret,
1207 912 1282 975 quo
1306 890 1612 977 intenderetaet
1641 915 1717 978 qna

230 1020 359 1088 fuerat
387 1021 607 1106 sententia,
639 1021 678 1086 in
718 1039 762 1087 ea
791 1039 912 1104 usque
941 1020 989 1087 ad
1010 1025 1229 1087 extremum
1260 1021 1530 1104 perseveravit.
1567 1023 1714 1092 «Nunc

233 1152 432 1238 impendet
453 1153 484 1234 »',
507 1153 648 1238 inquit,
674 1177 688 1213 «
710 1157 754 1218 ut
782 1156 822 1219 et
849 1156 892 1219 tu
922 1136 1093 1219 ostendis
1122 1156 1160 1220 et
1180 1165 1251 1240 ego
1281 1152 1404 1238 video,
1435 1171 1586 1236 summa
1617 1155 1721 1224 inter

232 1297 296 1346 eos
324 1279 534 1346 contentio.
571 1279 797 1347 1Με11111ε111
839 1284 1001 1362 uterque
1030 1285 1209 1346 numerat
1250 1299 1390 1366 snum,
1421 1280 1498 1347 nisi
1531 1280 1630 1348 forte
1671 1285 1720 1351 si·

232 1407 371 1474 mulat.
399 1406 507 1473 altor.
537 1407 634 1473 Nam
663 1407 869 1490 Pompeius
912 1427 986 1473 non
1019 1406 1174 1475 dubitat
1203 1407 1312 1493 (vere
1332 1408 1435 1473 enim
1465 1405 1643 1500 iudicat),
1675 1430 1722 1479 ea

232 1557 329 1622 quac
359 1536 406 1603 de
435 1538 633 1621 republica
662 1557 766 1605 nunc
795 1539 952 1625 sentiat,
973 1539 1066 1604 mihi
1099 1539 1210 1606 valde
1230 1539 1433 1622 probari....
1454 1539 1599 1620 Verum
1621 1542 1730 1625 quid

230 1661 377 1750 agamt
405 1683 484 1730 non
513 1683 653 1746 quaero
681 1665 750 1732 illa
778 1667 918 1734 ultima
946 1668 989 1749 (si
1020 1667 1124 1733 enim
1153 1667 1287 1733 castris
1314 1685 1375 1733 res
1404 1668 1572 1753 geretur,
1602 1667 1725 1737 video
1778 1725 1779 1730 ,

229 1813 313 1861 curn
347 1795 468 1861 altero
492 1765 601 1860 *vinci
631 1795 753 1862 satius
782 1815 881 1880 esse,
910 1815 1024 1879 quam
1060 1815 1145 1862 curn
1176 1797 1297 1863 altero
1331 1796 1517 1883 vincere),
1554 1787 1725 1868 sedilia

172 1945 173 1948 ¹
230 1942 328 2006 quae
358 1926 443 1989 tum
463 1927 641 2010 egeritur,
662 1944 748 1990 curn
769 1943 921 2012 venero,
953 1947 1000 1994 ne
1020 1927 1118 1993 ratio
1137 1927 1309 2004 absentis
1328 1927 1528 2013 habeatur,
1550 1933 1729 1998 uterer.

232 2027 559 2120 citunrdimittat
583 2079 614 2121 1,
645 2051 834 2140 (111111.
867 2055 964 2140 VII,
996 2053 1058 2142 1).
1097 2055 1299 2122 Interdum
1337 2056 1467 2132 labare
1504 2057 1631 2124 visum
1663 2063 1729 2140 est·

236 2181 319 2250 eius
349 2181 551 2256 consilium
570 2217 580 2267 ¹,
620 2187 749 2250 utrum
779 2203 826 2266 ex
854 2184 971 2252 Italia
999 2186 1111 2280 exire
1132 2199 1379 2272 necne-,opus
1408 2192 1508 2256 esset
1537 2189 1611 2276 (ud
1640 2187 1724 2270 Ait,

189 2377 192 2383 ,
230 2310 342 2396 VIII,
365 2310 455 2398 14).
561 2320 563 2324 ’
857 2405 858 2408 ¹
1489 2394 1490 2398 Ἰ
1723 2397 1725 2401 ,

336 2437 517 2522 Epistula
537 2445 680 2526 autem,
701 2459 814 2525 quarn
845 2443 1076 2512 Plutarchus
1107 2441 1226 2511 tradit
1254 2443 1639 2524 mandatu-(laeseris
1673 2448 1723 2528 ad

231 2567 452 2636 Olceronern
476 2569 699 2636 Trebatium
720 2561 928 2658 scripsisse,
959 2567 1138 2640 hortandi
1161 2593 1287 2660 causa,
1314 2578 1358 2642 ut
1377 2575 1525 2644 faveret
1551 2576 1723 2664 (laesuri,

231 2698 291 2763 vel
322 2699 459 2766 saltem
488 2699 529 2764 in
551 2699 683 2766 urbem
714 2700 906 2783 quandam
938 2703 1119 2770 Graeciae
1149 2704 1292 2770 abello
1317 2722 1474 2771 vacuam
1506 2706 1725 2790 sereeipc-⁸

229 2832 298 2913 ret,
314 2848 390 2895 uon
408 2833 534 2897 exstat
554 2829 641 2914 curn
656 2831 749 2931 aliis
760 2832 937 2915 epistulis
953 2834 1122 2901 Trebatii
1144 2835 1183 2900 in
1205 2834 1303 2910 libro
1324 2835 1402 2903 VII
1422 2835 1468 2902 ad
1489 2812 1717 2929 familiares:

231 2956 305 3024 Sed
334 2957 516 3044 profecto,
547 2978 645 3042 quae
674 2960 905 3035 Plutarchus
934 2962 1093 3048 subicit,
1124 2962 1359 3050 Ciceronem,
1389 2964 1720 3052 miratum„quod‚

230 3088 313 3170 ipse
329 3086 468 3154 Caesar
482 3087 583 3154 nihil
598 3090 826 3175 scripsisset,
842 3091 900 3157 illi
919 3111 1005 3158 curn
1022 3093 1217 3159 stomacho
1232 3091 1487 3179 respondisse,
1498 3113 1543 3162 ea
1558 3095 1722 3171 omnino

229 3217 345 3285 afide
374 3217 592 3287 abhorrent.
623 3221 834 3288 Servantur
862 3223 966 3288 enim
987 3224 1105 3289 etiarn
1130 3227 1239 3290 'nunc
1259 3225 1425 3310 litterae,
1457 3244 1551 3308 quas
1584 3223 1723 3322 Caesar

228 3345 277 3412 ad
305 3347 526 3415 Ciceronem
557 3349 676 3431 dedit,
708 3354 751 3416 ut
780 3371 867 3417 eum
898 3371 920 3417 a
949 3351 1050 3418 bello
1071 3351 1280 3424 deterreret
1309 3351 1464 3439 (11111111.
1485 3354 1534 3438 X,
1558 3352 1722 3439 8).·Η11ε

234 3477 395 3562 accedit,
417 3477 518 3560 quod
548 3497 593 3544 ex
613 3479 725 3562 epist.
756 3481 879 3564 prima
906 3480 974 3547 lib.
995 3480 1073 3548 VII
1102 3479 1150 3546 ad
1170 3479 1253 3550 Au.
1278 3485 1398 3566 patet,
1428 3485 1467 3548 et
1488 3502 1511 3548 a
1539 3482 1723 3567 Pompeio

237 3612 276 3674 et
295 3628 317 3674 a
334 3607 494 3676 Caesare
513 3628 599 3675 enm
617 3610 796 3693 epistulis
812 3611 1062 3678 sollicttatum
1084 3629 1178 3678 esse.
1199 3612 1409 3696 Rescripsit
1424 3617 1554 3680 autem
1571 3613 1618 3679 ad
1635 3611 1725 3690 an7

239 3752 381 3821 sarem,
413 3739 456 3802 111
484 3736 532 3803 ad
561 3756 690 3821 pacem
724 3757 810 3804 eum
842 3739 1078 3825 hortaretur,
1115 3746 1232 3826 atque
1265 3731 1379 3811 suam
1408 3741 1616 3825 epistulam
1646 3761 1726 3825 per-

240 3863 439 3948 vulgatam
470 3883 551 3931 esse
580 3868 747 3932 testatur
780 3866 853 3953 (cd
879 3865 957 3935 Aa.
988 3868 1107 3954 VIII,
1140 3864 1205 3959 9),
1241 3868 1359 3952 idque
1388 3887 1427 3936 se
1457 3887 1534 3935 non
1565 3871 1726 3949 moleste

232 3991 386 4059 tulisse.
1573 4071 1576 4074 .
1705 4075 1708 4078 ,
1745 3979 1747 3988 ,

242 4157 245 4162 ·
335 4122 469 4206 Neque
498 4128 556 4190 est
577 4125 797 4212 verisimile,
818 4127 919 4210 quod
941 4129 981 4194 iu
1011 4129 1220 4198 Plutarcho
1239 4129 1463 4221 reperimus,
1485 4127 1725 4216 Ciceronem,

228 4270 315 4317 curn
344 4251 384 4318 in
414 4258 538 4320 castra
558 4256 801 4356 'Pompeiana
835 4257 1080 4343 advenisset,
1110 4259 1158 4325 ab
1194 4256 1374 4350 omnibus
1404 4259 1606 4340 exceptum
1636 4251 1721 4324 esse

229 4381 410 4470 benigne,
441 4390 734 4470 praeterquam
765 4389 812 4454 ab
842 4409 920 4455 uno
949 4387 1117 4475 (latone,
1147 4392 1263 4472 atque
1292 4379 1387 4455 adeo
1416 4387 1565 4460 abhoc
1594 4388 1723 4472 privar

230 4511 298 4578 tim
330 4513 577 4600 obiurgatnm
606 4534 700 4601 esse,
731 4516 833 4601 quod
862 4517 1008 4583 bellum
1038 4517 1268 4599 suscepisset
1297 4519 1336 4583 et
1369 4515 1453 4582 sine
1483 4533 1598 4583 causa
1628 4515 1722 4583 an-

230 4639 302 4734 sari
326 4638 610 4727 denuntiasset,
633 4661 720 4708 cum
744 4645 972 4726 praesertim
994 4645 1130 4711 maiori
1146 4640 1310 4711 utilitati
1330 4645 1486 4712 futurus
1516 4644 1656 4712 fuisset
1676 4646 1726 4712 ci-

233 4768 374 4854 vitati,
405 4771 434 4836 si
466 4771 513 4836 ab
544 4771 647 4836 omni
687 4773 939 4838 contentione
976 4778 1145 4841 remotus
1183 4775 1324 4842 Romae
1361 4775 1577 4868 mansisset.
1619 4777 1726 4870 Haec

230 4918 357 4982 noque
380 4901 483 4984 apud
512 4900 734 4968 Oicerouenr
757 4921 885 4988 neque,
903 4902 1008 4986 apud
1027 4904 1148 4971 alium
1169 4910 1335 4987 ueterem
1358 4877 1596 4991 scriptorem,
1619 4906 1725 4994 quod

231 5025 387 5108 quidem
404 5028 534 5112 sciam,
552 5029 810 5122 reperiuntur.
829 5031 962 5113 Neque
979 5034 1166 5116 ascriptis
1182 5034 1723 5131 Tullianis·sumipotuernnt
1770 5035 1773 5040 ’

228 5149 358 5237 lepide
389 5153 506 5240 dicta,
538 5172 636 5240 quae
666 5155 932 5244 perhibentur,
963 5157 1004 5223 in
1030 5158 1259 5245 Domitium,
1288 5159 1328 5244 in
1360 5159 1648 5246 Theophanem,
1679 5161 1722 5248 Jrn
1786 5139 1789 5144 ⁵

340 5285 342 5290 '
1547 5284 1566 5344 4
