4146 5958
507 433 556 501 Ι)’
574 433 757 502 Annozro
773 459 826 482 -·-
842 436 1058 522 qurauus
1087 437 1355 503 Prorsuonns
1384 450 1467 504 nro.
1643 436 1664 504 l
1681 507 1683 512 ,

238 630 395 717 cendis,
428 650 552 714 neque
583 632 767 700 iudicium
805 632 933 716 perlici
974 649 1109 718 posse,
1138 651 1300 719 surgens
1329 632 1453 718 dixit,
1484 633 1610 700 verbis
1640 652 1716 700 non

237 779 333 844 opus
371 779 479 846 esse,
509 780 669 846 verum,
699 762 946 849 interrogatis
986 762 1176 846 testibus,
1211 761 1358 828 iudices
1396 761 1580 849 suffragia
1619 761 1718 829 ferre

237 890 376 958 iussit.¹
394 893 505 958 Hunc
534 890 792 957 narrationem
833 909 879 957 ex
918 891 1157 958 orationibus
1186 891 1360 958 Verrinis
1389 889 1572 976 fluxisse,
1603 907 1718 956 nemo

237 1016 458 1088 contendet.
488 1017 591 1084 Aliis
620 1018 915 1103 praetermissis,
946 1018 1021 1085 duo
1052 1018 1357 1086 animadvertere
1385 1019 1499 1088 libet:
1530 1037 1608 1085 uon
1639 1038 1718 1085 uno

238 1143 331 1230 die,
370 1149 414 1212 ut
453 1145 543 1211 hine
581 1145 712 1231 colligi
756 1145 933 1231 videtur,
964 1146 1149 1213 iudicium
1191 1146 1321 1217 Verris
1359 1145 1574 1214 coniectum
1613 1165 1717 1233 esse3

238 1292 362 1357 neque
404 1277 638 1359 praetorem,
668 1255 733 1358 qui
764 1274 909 1342 iudicio
938 1281 1132 1359 praeerat,
1161 1275 1224 1342 Μ’.
1255 1275 1425 1364 Acilium
1457 1265 1718 1362 Glabrionem,

241 1402 349 1469 Verri
381 1402 543 1487 favisse,
572 1402 637 1469 scd
669 1409 860 1486 praetores
889 1403 1133 1490 designatos,
1163 1404 1228 1487 qui
1258 1404 1478 1487 insequenti
1511 1423 1613 1470 anno
1644 1423 1718 1470 ma·

236 1530 439 1617 gistratum
470 1531 570 1625 inire
607 1530 813 1599 debebant.
844 1533 939 1598 Tum
976 1539 1087 1598 erant
1114 1533 1246 1598 Nonae
1277 1532 1467 1599 Sextiles:
1503 1536 1543 1599 et
1572 1531 1716 1617 Oicero,

237 1681 322 1730 eum
355 1661 515 1747 videret,
526 1653 779 1729 ¹Hortensium
812 1661 852 1727 id
880 1681 1005 1750 agere,
1035 1669 1080 1730 ut
1099 1684 1121 1731 a
1141 1665 1206 1732 M’.
1238 1664 1446 1731 Glabrione
1475 1667 1649 1748 praetore
1677 1667 1717 1730 et

237 1789 284 1856 ab
314 1790 361 1858 iis
390 1791 690 1876 iudicibus,qui
727 1797 820 1858 tunc
854 1797 989 1876 erant,
1020 1797 1220 1876 propterea
1249 1790 1461 1875 quodludi
1494 1810 1608 1876 prope
1639 1794 1715 1858 tres

239 1938 388 1987 menses
416 1919 657 2005 auferebant,
674 1938 733 1988 res
763 1922 916 2007 integra
943 1921 991 1988 ad
1020 1921 1288 2004 insequentem
1319 1939 1465 1987 annum
1486 1919 1717 2004 differretur,

238 2067 313 2130 quo
341 2052 518 2116 consules
549 2050 592 2135 Q.
623 2049 855 2117 Hortensius
875 2050 1115 2118 ctMetellus
1144 2070 1250 2116 reum
1280 2070 1350 2118 suo
1371 2049 1584 2134 patrocinio
1614 2048 1714 2115 tueri

236 2179 458 2264 indicioque
487 2181 632 2266 eripere
661 2186 830 2267 possent,
850 2183 968 2269 longa
987 2182 1160 2248 oratione
1180 2183 1332 2267 omissa,
1353 2185 1472 2249 testes
1501 2181 1550 2247 ad
1578 2199 1717 2246 unum-

240 2308 419 2392 quodque
448 2310 593 2376 crimen
622 2310 770 2394 citavit,
787 2328 926 2392 eosque
954 2310 1165 2377 Hortensio
1194 2309 1487 2397 interrogandos
1516 2307 1644 2402 dedit,
1666 2311 1718 2375 to-

237 2443 392 2522 tamque
421 2441 703 2507 accusationem
734 2439 945 2525 expedivit,
976 2443 1016 2506 et
1046 2439 1302 2527 renm‘t'regit,
1325 2441 1405 2526 qui,
1426 2439 1627 2523 desperato
1656 2457 1719 2522 pa-

236 2570 424 2654 trocinio,
456 2570 494 2636 in
535 2571 693 2638 exilium
724 2589 793 2637 sua
821 2573 958 2654 sponte
987 2570 1096 2642 abiit.
1128 2568 1225 2637 (ium
1254 2568 1348 2636 haec
1377 2569 1577 2655 perspicue
1606 2587 1716 2652 expo·

238 2701 380 2762 nantur
408 2696 601 2796 capitibus
630 2696 777 2763 ‹lecimo
806 2701 846 2763 et
875 2696 1079 2763 undecimo
1108 2698 1272 2764 actionis
1300 2697 1445 2782 primae
1476 2697 1514 2762 in
1544 2695 1716 2780 Verrem,

236 2845 258 2892 a
286 2827 493 2895 Plutarcho
522 2827 738 2912 putandum
776 2832 836 2894 est
864 2843 991 2893 rerum¹
1020 2827 1241 2911 scriptorem
1277 2847 1353 2893 non
1384 2827 1478 2894 satis
1507 2825 1719 2913 diligenter

233 2950 454 3020 adhibitum
484 2973 578 3040 esse,
609 2956 669 3022 vel
698 2955 781 3021 eins
810 2955 926 3022 verba
954 2955 1057 3021 haud
1086 2959 1188 3022 recte
1217 2974 1298 3023 esse
1329 2955 1529 3020 intellecta
1560 2951 1610 3042 1).

235 3112 239 3118 ·
342 3084 536 3150 Damnate
566 3085 696 3168 Verre,
727 3085 869 3168 inquit,
900 3104 986 3151 cum
1016 3084 1123 3151 litem
1147 3083 1278 3152 (licere
1300 3085 1548 3152 aestimasset
1577 3083 1720 3167 sept-in-

235 3211 364 3298 gentis
404 3215 443 3278 et
481 3212 769 3300 quinquaginta
798 3213 971 3279 millibus
1000 3212 1289 3299 drachmarum,
1318 3213 1553 3280 calumniam
1583 3231 1717 3296 passus

235 3343 319 3424 est,
359 3341 466 3424 quasi
508 3343 671 3427 pecunia
708 3347 867 3426 accepta
906 3344 1066 3408 multam
1107 3343 1323 3410 minuisset.
1366 3343 1451 3410 Non
1491 3343 1635 3410 attinet
1673 3341 1720 3407 de

236 3486 275 3533 re
305 3466 527 3554 disputare;
567 3474 720 3537 tantum
760 3469 1051 3554 animaduerto,
1086 3489 1162 3536 non
1201 3489 1221 3536 e
1260 3469 1368 3568 libris
1397 3469 1721 3537 Tullianis-haec

235 3616 317 3664 esee
356 3599 491 3681 petita.
531 3602 626 3668 Nam
666 3600 916 3686 septingenta
953 3600 1239 3687 quinquaginta
1278 3602 1402 3669 millia
1440 3597 1720 3685 drachmarum,

236 3745 334 3809 quae
381 3732 551 3810 aequant
597 3734 811 3797 nostrorum
862 3749 1062 3795 nummum
1111 3735 1291 3797 sexcenta
1337 3730 1553 3816 nonaginta
1595 3728 1718 3795 millia

237 3855 291 3941 (Il.
324 3857 516 3942 690000),
546 3861 660 3946 longe
690 3859 833 3926 absunt
861 3858 908 3925 ab
945 3857 1013 3924 illa
1046 3860 1232 3944 pecunia,
1263 3878 1374 3943 quam
1407 3859 1554 3926 solvere
1583 3857 1722 3924 Verres

233 4001 279 4050 ex
322 3985 408 4072 lege
447 3985 623 4055 debebat.
654 3986 852 4072 Abstulit,
883 3985 1067 4053 Oicerone
1105 3990 1205 4054 teste
1244 3987 1295 4073 (in
1327 3987 1494 4070 Verrem,
1523 3984 1565 4068 I,
1595 3986 1614 4066 0
1645 3982 1722 4068 27),

238 4111 559 4200 quadringenties
597 4121 762 4185 centena
798 4116 923 4183 millia
959 4116 1179 4183 sestertium
1218 4113 1276 4207 (L.
1317 4110 1517 4208 8000000)
1547 4109 1608 4204 2);
1653 4113 1719 4182 sed

320 4429 350 4506 l)
373 4430 416 4488 De
439 4427 630 4485 contentione
652 4444 742 4502 quam
765 4429 871 4487 Cicero
895 4430 1034 4490 babuerit
1056 4449 1133 4490 cnm.
1157 4432 1192 4501 Q.
1213 4431 1346 4489 Caecilio
1369 4431 1478 4505 Nigro,
1501 4435 1567 4488 uter
1588 4431 1718 4489 Verrem

235 4571 377 4611 accusare
399 4551 530 4621 deberet,
554 4567 610 4608 non
634 4549 667 4608 iit
690 4549 803 4610 diserta
828 4555 948 4625 nienti03
973 4555 1054 4613 iocus
1076 4562 1177 4614 tainen
1194 4556 1331 4616 Ciceroni
1356 4555 1510 4626 tribuitur,
1522 4555 1572 4630 qui
1595 4555 1718 4627 dixeril;

236 4678 312 4748 Quid
335 4683 380 4735 est
403 4676 446 4734 rei
471 4674 580 4733 ludaeo
602 4691 670 4731 cunr
694 4663 813 4736 Ver'ret
834 4677 920 4735 Unde
947 4677 1126 4737 Plutarchus
1149 4681 1316 4753 acceperit,
1339 4680 1372 4749 Q.
1395 4662 1560 4737 Caecilium
1585 4678 1716 4761 Nigrum

230 4783 417 4860 'ludaeorum
441 4799 582 4874 religioni
606 4815 672 4857 esse
695 4797 868 4872 addictum,
893 4818 950 4860 nou
973 4808 1017 4860 est
1043 4802 1131 4861 facile
1155 4802 1270 4862 videre.
1293 4803 1379 4863 Nihil
1404 4804 1440 4862 de
1463 4804 1519 4862 hac
1542 4822 1574 4862 re
1597 4805 1627 4862 in
1650 4823 1719 4864 ora·

237 4922 369 4981 tionibus
391 4921 533 4979 Verrinis
556 4922 734 4997 reperimus:
759 4924 856 4982 iooum
882 4932 981 4984 autem
1005 4945 1020 4984 e
1043 4928 1165 4987 nomine
1181 4927 1276 4988 Verre
1300 4929 1423 4988 ductum
1446 4946 1513 4988 esse
1534 4930 1677 4988 arbitror.

220 5039 222 5043 ’
300 5015 352 5125 Ι2)
374 5045 442 5106 Non
473 5053 590 5114 constat
612 5048 670 5106 sibi
696 5049 752 5124 ipsi
775 5051 900 5120 Cicero,
923 5069 992 5111 cum
1017 5053 1045 5110 in
1071 5051 1260 5112 divinatione
1282 5055 1362 5148 §⁸19
1383 5055 1484 5128 dicat,
1507 5073 1538 5114 se
1559 5073 1598 5114 ex
1620 5055 1718 5115 Verre

235 5179 371 5250 repetere
401 5174 516 5234 millies
537 5182 660 5235 centena
685 5177 792 5238 millia.
816 5177 862 5237 Ad
884 5197 960 5256 quae
983 5182 1076 5246 verba
1098 5180 1221 5242 adnotat
1243 5183 1418 5260 Zumptius‚
1441 5189 1472 5243 ut
1494 5201 1549 5262 ego
1572 5184 1716 5255 arbitror,
