4146 5958
344 441 393 506 10
541 440 589 508 D’
608 439 792 507 Annoaro
809 477 858 488 -
878 441 1095 527 botranus
1123 442 1389 508 Pannxaonns
1417 456 1501 508 nro.

289 636 383 705 tiam
413 636 451 701 in
483 635 666 702 concione
695 634 743 700 ad
773 633 972 717 populum.
1011 632 1242 699 Plutarchus
1278 631 1325 698 de
1353 633 1440 720 lege
1469 632 1619 719 agraria
1647 643 1769 715 pauca

289 762 421 848 tradit,
452 781 576 846 neque
607 763 673 847 ita,
703 764 748 827 ut
776 760 888 828 facile
918 759 1157 846 agnoscaris,
1188 777 1274 824 eum
1305 762 1396 824 ante
1426 758 1556 823 oculos
1586 756 1767 824 habuisse

185 933 187 937 ·
289 896 481 964 orationes
517 895 728 964 Tullianas.
763 893 876 980 Legis
906 893 1008 960 eninr
1049 894 1222 958 auctores
1251 889 1345 956 facit
1373 892 1533 955 cunctos
1562 888 1766 973 tribunos,

288 1041 364 1088 non
396 1022 437 1104 P,
468 1023 639 1107 Rullum,
670 1022 734 1105 qui
766 1022 870 1087 solus
904 1019 1010 1086 illam
1049 1037 1136 1084 vere
1166 1017 1284 1102 tulit;
1314 1036 1384 1083 nec
1421 1016 1579 1082 omnino
1613 1017 1652 1083 in
1684 1017 1769 1104 lege

287 1151 516 1219 declaranda
545 1171 630 1218 cum
661 1150 843 1219 Cicerone
873 1149 1080 1232 consentit,
1110 1147 1213 1232 quia,
1241 1151 1391 1230 praeter
1419 1146 1507 1230 alia,
1538 1145 1763 1214 decemviris

287 1280 513 1348 facultatem
552 1279 691 1346 tribuit
713 1278 964 1374 'quaestionis
998 1273 1197 1342 habendae
1232 1273 1278 1340 de
1307 1274 1512 1356 omnibus,
1548 1272 1595 1338 ile
1625 1274 1766 1355 quibus

286 1409 420 1495 libeat,
450 1415 565 1492 atque
594 1410 634 1475 in
670 1408 828 1475 exilium
864 1405 1058 1490 mittendi,
1094 1409 1132 1471 et
1166 1402 1357 1470 scribendi
1393 1401 1599 1484 alendique
1629 1403 1766 1468 exerci-

287 1541 376 1620 tus3
407 1555 533 1619 neque
562 1536 698 1620 alaerit,
728 1534 868 1618 quibus
898 1532 1022 1599 causis
1052 1532 1185 1597 consul
1220 1531 1343 1615 legem
1381 1529 1486 1596 Rulli
1516 1529 1776 1612 reprehende

287 1668 338 1734 rit
367 1671 482 1751 atque
513 1667 707 1734 abiecerit.
739 1665 870 1733 Oicero
891 1683 1088 1747 nunquam
1113 1662 1223 1747 dixit,
1244 1661 1346 1744 quod
1366 1661 1551 1744 scriptum
1573 1666 1631 1728 est
1660 1661 1761 1744 apud

286 1795 550 1881 Plutarchum,
581 1795 622 1863 0.
652 1794 869 1862 Antonium
899 1794 1014 1861 Rullo
1043 1791 1194 1858 favisse.
1225 1789 1358 1855 Pactio
1388 1793 1518 1856 autem
1548 1788 1759 1872 provincia-

287 1947 396 2012 rum,
426 1946 502 2010 qua
531 1925 748 1992 Antonium
779 1922 909 1991 Oicero
931 1921 1001 1989 sibi
1034 1922 1235 2005 devinxit,
1269 1921 1371 1986 facta
1400 1922 1458 1985 est
1488 1924 1574 2002 post
1605 1919 1760 1984 Rullum

286 2061 521 2140 superatum,
552 2075 627 2122 non
660 2074 704 2121 eo
733 2041 903 2136 tempore
933 2052 1033 2136 quod
1055 2071 1077 2118 a
1096 2052 1278 2134 scriptore
1300 2051 1443 2117 Graeco
1463 2049 1669 2133 indicatur,
1701 2069 1763 2115 nem

286 2203 360 2267 qne
389 2185 461 2251 hoc
490 2185 663 2269 consilio,
685 2189 729 2250 ut
758 2203 780 2250 a
809 2183 922 2250 Rullo
952 2181 1063 2247 illum
1094 2180 1282 2246 alienaret
1303 2178 1346 2266 (c.
1372 2181 1447 2259 12).
1469 2178 1575 2244 Nihil
1597 2183 1765 2244 statuere

286 2334 499 2398 possumus,
532 2312 632 2380 unde
661 2313 920 2380 narrationem
952 2315 1152 2376 mutuatus
1181 2308 1232 2374 sit
1260 2308 1306 2373 de
1337 2308 1509 2374 tumultu
1536 2313 1690 2392 propter
1712 2309 1760 2373 le-

285 2461 370 2529 gem
401 2443 628 2509 theatralem
659 2441 783 2508 Roscii
815 2439 925 2527 (qliae
954 2440 1035 2504 lata
1063 2436 1189 2503 fuerat
1218 2455 1251 2502 a.
1283 2434 1373 2521 687)
1403 2435 1568 2502 excitato
1598 2439 1637 2502 et
1665 2435 1765 2502 aOi-

285 2589 419 2637 corone
458 2571 615 2638 consule
653 2541 1053 2636 luculentaoratione
1083 2566 1215 2632 sedato
1244 2566 1288 2652 (c.
1322 2565 1395 2653 13),
1425 2565 1630 2632 Intercidit
1658 2565 1762 2630 enim

284 2699 378 2768 haec
406 2700 540 2784 oratio,
562 2717 658 2782 quae
688 2716 772 2764 cum
804 2697 891 2764 aliis
920 2695 1187 2762 consularibus
1207 2695 1313 2760 edita
1333 2695 1458 2761 tuerat
1480 2694 1539 2781 (od
1559 2693 1634 2762 Λτῐ.
1655 2694 1708 2780 ΙΙ,
1728 2699 1761 2777 1,
1789 2757 1792 2760 ,

284 2829 385 2896 Plin.
406 2829 457 2896 H.
488 2826 770 2912 h*.,V11,30);
802 2845 926 2909 neque
957 2845 1124 2907 unquam
1159 2825 1227 2890 hac
1257 2823 1303 2888 rle
1332 2843 1370 2888 re
1402 2824 1439 2889 in
1471 2825 1636 2908 scriptis,
1661 2842 1759 2908 quae

286 2965 507 3045 supersunt,
537 2960 669 3028 Oicero
698 2958 791 3026 facit
820 2959 1069 3034 mentionem.
1150 3019 1154 3024 ,

391 3090 584 3158 Oatilinae
613 3090 827 3157 coniuratio
857 3089 1062 3172 exponitur
1091 3088 1272 3154 tredecim
1312 3088 1504 3172 capitibus
1534 3085 1677 3174 (lo-22)
1707 3085 1763 3152 iu-

209 3277 212 3284 .
286 3219 365 3285 sius
400 3218 554 3301 quidem
585 3223 624 3285 et
653 3218 868 3284 accuratius
898 3236 1010 3300 quam
1042 3205 1192 3300 reliqua
1220 3216 1322 3283 facta
1351 3215 1557 3285 Ciceronis.
1589 3217 1664 3283 Sed
1685 3236 1762 3283 ora-

285 3346 413 3414 tiones
443 3345 705 3431 (latilinariae,
727 3364 824 3429 quae
844 3343 946 3428 apud
967 3350 1115 3411 veteres
1136 3344 1257 3410 tantis
1277 3344 1458 3410 laudibus
1478 3345 1763 3411 extollebantur

283 3471 387 3538 haud
417 3472 567 3540 facilem
599 3474 797 3540 materiam
828 3471 1142 3572 suppeditabant,
1173 3491 1258 3538 cum
1289 3471 1329 3536 in
1361 3472 1408 3538 iis
1437 3472 1621 3556 consilia,
1652 3481 1762 3558 acta,

282 3603 473 3686 eventus,
504 3621 581 3666 non
612 3601 839 3667 continuata
881 3601 977 3666 serie
1007 3599 1317 3683 explicarentur,
1349 3603 1393 3664 ut
1430 3598 1507 3664 alia
1536 3619 1580 3666 ex
1610 3599 1696 3666 aliis
1726 3605 1764 3666 et

282 3726 412 3793 omnia
440 3727 543 3794 inter
572 3747 611 3795 se
640 3732 731 3811 apta
750 3747 997 3811 connexaque
1019 3727 1255 3812 viderentur,
1276 3727 1340 3793 sed
1363 3748 1408 3794 ex
1432 3728 1646 3795 luminibus
1667 3727 1763 3795 flori·

283 3858 435 3942 busque
465 3859 619 3926 dicendi
648 3879 705 3946 ea,
735 3878 832 3942 quae
862 3860 908 3925 ad
939 3879 1016 3926 rem
1047 3833 1230 3945 tacerent,
1252 3881 1328 3926 non
1359 3861 1431 3926 nisi
1464 3879 1605 3946 magno
1635 3860 1763 3927 studio

282 4007 325 4052 ac
354 3988 483 4054 labore
513 4006 712 4072 excerpere
741 3993 944 4072 oporteret.
977 3989 1217 4074 Quapropter
1236 3989 1398 4072 scriptor
1427 3990 1593 4056 Graecus
1622 3995 1758 4058 oratio·

283 4117 467 4183 nesillas
496 4116 650 4183 videtur
678 4119 904 4204 neglexisse.
923 4119 1147 4202 Reperhnus
1176 4121 1276 4185 enirn
1308 4118 1410 4202 apud
1440 4138 1526 4185 eum
1558 4121 1761 4204 noun-ulla,

282 4266 379 4328 (puae
409 4247 551 4314 desunt
571 4248 610 4312 in
633 4246 892 4332 (latilinariis3
914 4253 953 4314 et
973 4268 1071 4331 quae
1091 4248 1150 4314 his
1171 4248 1410 4314 orationibus
1440 4246 1660 4333 traduntur,
1682 4269 1759 4316 non

282 4377 413 4442 omnia
442 4377 481 4442 in
512 4376 593 4442 vita
622 4377 763 4459 scripta
794 4376 977 4446 videmus.
1007 4379 1140 4461 Neque
1172 4395 1260 4444 vero
1281 4383 1339 4446 est
1367 4377 1654 4463 suspicandum,
1675 4381 1763 4447 Plu-

281 4502 458 4568 tarchum
489 4503 682 4570 orationes
711 4502 932 4572 adhibuisse
961 4511 1000 4572 et
1020 4507 1278 4573 narrationem
1300 4525 1406 4572 suam
1428 4506 1654 4592 explevisse,
1675 4508 1762 4574 aliis

281 4629 464 4697 subsidiis
493 4630 687 4713 adiutum;
719 4649 896 4717 namque,
919 4633 982 4700 ubi
1014 4632 1162 4699 easdem
1196 4652 1254 4700 res
1285 4637 1431 4718 narrat,
1452 4652 1550 4716 quae
1579 4631 1764 4702 dicuntur

281 4761 319 4826 in
352 4759 604 4847 Catilinariis,
636 4763 682 4828 ab
713 4762 767 4828 eis
798 4782 909 4848 saepe
939 4764 1140 4849 discrepat.

387 4893 603 4977 Numquam
622 4895 725 4961 enim
739 4892 870 4962 Cicero
886 4895 1027 4963 diserte
1043 4897 1222 4985 declarat,
1232 4898 1441 4966 Catilinam
1458 4897 1578 4964 filiam
1590 4899 1760 4983 vitiasse,

280 5023 536 5108 eundemque,
558 5043 642 5089 cum
675 5024 830 5092 fratrem
860 5026 1125 5113 interfecisset,
1148 5029 1294 5095 Sullam
1317 5029 1548 5114 excrevisse,
1569 5033 1614 5096 ut
1634 5030 1701 5104 ille
1720 5030 1760 5096 in

280 5152 578 5240 proscriptorum
601 5173 801 5222 numerum
826 5153 1042 5240 referretur.
1063 5156 1171 5228 Dicit
1189 5160 1319 5229 tamen
1340 5157 1555 5244 generatim
1575 5158 1620 5250 (I,
1641 5159 1661 5244 t
1682 5159 1759 5246 13);
