4146 5958
1236 214 1241 245 l

430 381 479 454 22
634 383 683 456 θ’
697 383 881 454 Annoaro
896 381 1181 472 -Qusrnuus
1209 383 1476 454 Pnuraaonus
1504 397 1588 454 nro.

373 576 509 646 Oicero
549 583 706 668 autem,
748 580 779 650 si
823 580 1031 649 Plutarcho
1072 578 1292 665 credimus,
1336 595 1571 662 quamquam
1615 575 1753 644 lectica
1795 592 1860 640 ve-

376 712 488 796 ctus,
516 709 581 778 rix
609 729 677 796 pro
705 710 850 778 Milone
878 709 1004 778 dicere
1032 709 1227 796 ingressus
1254 711 1341 792 est,
1378 709 1460 774 toto
1498 725 1653 790 corpore
1685 709 1853 774 ‚tremen-

373 839 413 920 te
445 810 607 906 atroce
649 837 853 904 summissa
890 842 1006 922 atque
1047 836 1285 922 interrupta;
1328 853 1375 902 ex
1403 831 1590 902 Asconio.
1615 833 1686 900 hoo
1728 833 1852 900 solnm

374 964 618 1052 accepimus,
657 966 767 1036 illum
798 986 873 1033 nou
906 985 962 1053 ea,
991 985 1069 1052 qua
1105 966 1243 1033 solitus
1279 970 1401 1052 esset,
1439 965 1660 1032 constantia
1697 962 1855 1032 dixisse.

373 1087 447 1160 Sed
479 1097 632 1162 tantum
662 1115 813 1165 oausam
843 1095 1002 1164 Milonis
1029 1098 1259 1166 Plutarchus
1288 1098 1559 1164 commemorat
1578 1093 1650 1162 hoo
1669 1093 1856 1178 temporis

371 1223 512 1310 spatio,
540 1224 644 1308 quod
674 1229 733 1292 est
761 1225 865 1293 inter
891 1226 1057 1294 reditum
1087 1231 1127 1292 et
1154 1226 1463 1309 proconsulatum
1491 1223 1674 1310 (liliolae3
1704 1224 1852 1308 quippe

373 1350 480 1422 illius
508 1353 765 1422 narrationem
795 1356 998 1424 invenerat
1025 1353 1128 1439 apud
1148 1374 1274 1422 rerum
1307 1354 1522 1440 scriptores,
1551 1371 1648 1437 quos
1674 1354 1856 1422 manibus

373 1482 534 1552 terebat,
564 1483 685 1568 Alias,
714 1490 810 1568 quas
838 1485 990 1552 'Pullius
1019 1489 1100 1552 tum
1131 1485 1224 1572 egit,
1254 1486 1397 1552 multas
1426 1503 1599 1566 numero,
1629 1481 1742 1554 rebus
1773 1505 1855 1572 gru-

375 1613 551 1682 vlssimas
581 1615 629 1701 1),
668 1614 825 1682 silentio
858 1615 1053 1698 praeterit.
1083 1615 1233 1701 Itaque,
1272 1614 1303 1680 si
1332 1613 1584 1684 Plutarchum
1624 1614 1759 1682 ducem
1799 1635 1856 1682 se-

371 1761 558 1828 quamur,
589 1743 683 1826 quid
712 1763 779 1828 per
806 1763 872 1812 sex
900 1743 978 1812 fere
1007 1762 1128 1811 annos
1157 1742 1289 1811 Cicero
1322 1743 1463 1810 dixerit
1491 1747 1608 1826 atque
1637 1744 1853 1829 scripserit,

373 1888 525 1958 prorsus
562 1872 795 1959 ignoremus.
833 1873 954 1940 Nemo
992 1873 1113 1960 igitur
1146 1891 1207 1940 me
1245 1871 1462 1940 temeritate
1504 1873 1684 1958 notabit,
1719 1873 1751 1940 si
1791 1891 1856 1941 vo-

372 2007 523 2075 lumina
550 2007 685 2074 harum
717 2007 834 2074 Pullii
865 2007 1081 2074 orationum
1112 2025 1135 2074 a
1163 2005 1346 2091 scriptore
1376 2006 1519 2075 Graeco
1546 2005 1740 2092 explicata
1766 2023 1853 2072 csse

371 2136 532 2223 negabo.

397 2243 403 2256 ⁶
478 2265 712 2336 Brevissima
740 2265 938 2336 mentione
967 2252 1111 2333 iniecta
1138 2263 1185 2334 de
1212 2267 1420 2355 auguratu,
1450 2269 1562 2352 quem
1593 2263 1725 2335 Oicero
1752 2285 1852 2334 assa·

370 2396 483 2459 cutus
508 2397 570 2460 est
597 2393 638 2459 in
668 2395 795 2461 locum
822 2393 876 2462 M.
907 2392 1031 2461 Orassi
1060 2391 1222 2460 iunioris
1251 2412 1353 2460 anno
1385 2394 1482 2479 701,
1512 2391 1729 2461 transituri
1757 2392 1852 2460 (lili-

368 2523 452 2590 ciae
479 2523 852 2592 administrationem
884 2524 930 2610 (c.
962 2525 1039 2611 36).
1069 2523 1146 2591 Nos
1175 2525 1288 2610 celat,
1318 2543 1385 2591 cur
1413 2529 1489 2592 tam
1519 2545 1603 2594 sero
1632 2527 1667 2593 ei
1697 2523 1849 2608 provin·-

369 2650 428 2718 cia
455 2651 599 2718 tradita
625 2652 690 2739 sit,
711 2655 750 2720 et
778 2652 839 2720 cui
869 2649 1105 2720 successerit:
1136 2669 1268 2718 rerum
1288 2651 1472 2737 ostendit,
1492 2671 1570 2736 qua
1590 2649 1852 2737 iustitiaque

364 2776 562 2864 comitate,
592 2798 667 2862 qua
685 2779 893 2866 diligentia
920 2778 1027 2844 illam
1056 2777 1208 2862 rexerit,
1237 2779 1294 2844 ita
1314 2784 1358 2844 ut
1386 2777 1564 2846 maximis
1592 2777 1773 2844 laudibus
1801 2775 1850 2842 ad

367 2907 595 3006 caelum-ab
625 2908 804 2976 omnibus
833 2883 1121 2976 castraturae
1149 2905 1283 2993 fateor,
1304 2909 1505 2976 nonnullis
1532 2909 1626 2976 loeis
1655 2905 1849 2990 curandam

367 3057 451 3106 esse
479 3041 775 3108 similitudinem
817 3027 901 3107 cunr
934 3040 981 3105 iis
1010 3056 1109 3122 quae
1137 3039 1384 3122 reperiuntur
1412 3039 1451 3106 in
1482 3039 1651 3124 epistula
1680 3035 1851 3104 secunda

368 3167 456 3235 libri
487 3169 543 3237 Vl
572 3169 619 3238 ad
648 3170 836 3241 Atticum.
866 3167 943 3236 Sed
972 3170 1075 3252 sunt,
1104 3165 1136 3232 si
1167 3173 1269 3234 recte
1297 3169 1459 3254 contuli,
1489 3168 1692 3236 admodum
1726 3185 1851 3252 pauca

371 3315 441 3364 nec
478 3298 594 3382 plane
621 3298 767 3365 similia
786 3317 795 3386 3
826 3269 1023 3382 praeterea
1059 3294 1177 3362 habet
1205 3297 1436 3366 Plutarchus
1473 3317 1572 3382 quae
1609 3297 1650 3364 in
1680 3295 1850 3380 epistula

362 3422 521 3510 deerunt,
540 3432 580 3492 ct
609 3426 733 3492 multa
761 3443 852 3493 sane
882 3423 1001 3510 digna
1030 3441 1128 3506 quae
1157 3431 1438 3509 cognoscantur
1465 3426 1626 3512 omittit,
1653 3421 1844 3508 quaedum

365 3551 469 3620 haud
496 3555 593 3622 sci-tc
622 3556 803 3622 immutat
834 3551 884 3644 2).
915 3551 1060 3637 Pradit,
1089 3555 1298 3622 nonnullos
1327 3575 1350 3623 a
1378 3556 1561 3624 Cicerone
1589 3553 1857 3640 cameramos·

448 3868 480 3945 1)
503 3861 617 3924 Habuit
638 3865 790 3924 orationes
812 3864 849 3922 de
871 3883 942 3942 rege
964 3865 1184 3938 Alexandrino,
1207 3884 1263 3942 pro
1286 3866 1394 3934 Sestio,
1418 3865 1448 3923 in
1470 3863 1642 3941 Vatinium,
1657 3886 1712 3944 pro
1734 3863 1847 3944 Bestia,

361 3988 402 4048 ile
425 3989 594 4066 provinciis
618 3985 838 4058 consularibus,
861 4004 915 4062 pro
936 3987 1049 4062 Caelio,
1073 4008 1127 4066 pro
1148 3989 1253 4058 Balbo,
1276 3989 1306 4047 in
1329 3989 1482 4062 Pisonem,
1506 4007 1560 4066 pro
1581 3989 1623 4052 M.
1649 3993 1768 4066 Crasso,
1792 3991 1847 4070 'pro

363 4113 488 4188 Scauro,
506 4095 565 4191 ¹pro
587 4113 714 4173 Plancio
735 4119 790 4172 etc.
1170 4093 1172 4097 ⁸
1506 4109 1508 4112 ’

443 4235 480 4316 2)
505 4238 700 4296 «Laodiceae
723 4237 758 4297 ad
782 4236 854 4296 Kal.
871 4226 944 4297 Mai.
960 4239 1097 4299 omnium
1119 4237 1318 4312 dioecesium,
1335 4237 1431 4315 inquil
1445 4237 1562 4312 Cicero,
1576 4243 1697 4316 praeter
1709 4240 1846 4315 Ciliciae,

363 4364 521 4425 mirabilia
541 4363 690 4440 qrraedam
713 4363 879 4424 effecimus:
905 4364 945 4422 ita
970 4365 1082 4423 multae
1105 4365 1246 4424 civitates
1262 4365 1344 4423 omni
1361 4381 1430 4423 aere
1446 4363 1545 4424 alieno
1560 4365 1716 4438 liberatae,
1731 4367 1846 4427 multae

365 4489 457 4549 valde
477 4456 597 4548 'levatae
619 4495 696 4562 senc
709 4505 817 4548 ornnes
839 4489 900 4548 suis
923 4489 1040 4566 legibus
1055 4497 1084 4549 st
1103 4489 1224 4549 iudiciis
1238 4507 1318 4562 usae,
1334 4493 1493 4562 αὐτονομίαν
1508 4485 1643 4566 adeptae,
1660 4475 1846 4553 revixerunt.

364 4614 422 4674 llis
441 4631 500 4693 ege
517 4615 636 4675 duobus
653 4616 820 4692 generibus
836 4616 1010 4677 facultatem
1029 4617 1065 4677 ad
1079 4635 1113 4677 se
1128 4635 1197 4678 aare
1213 4618 1329 4678 alienae
1344 4617 1518 4684 liberandas
1540 4624 1592 4678 aut
1606 4617 1752 4678 levandas
1763 4617 1845 4694 deda

363 4757 433 4813 uno,
453 4740 531 4817 quod
553 4740 654 4801 nullus
675 4741 705 4799 in
729 4741 859 4819 imperio
882 4759 949 4802 meo
971 4747 1108 4819 sumptus
1129 4741 1226 4802 factus
1247 4749 1291 4802 est
1312 4741 1442 4821 (nullum
1466 4759 1533 4800 cum
1557 4741 1637 4814 dico,
1658 4759 1716 4803 noo
1739 4741 1846 4819 loquor

362 4865 568 4942 inplebant),
580 4865 689 4938 nullus,
702 4866 835 4944 inquam,
852 4884 888 4925 ne
904 4867 1057 4926 tmuncius
1077 4866 1210 4942 quidem.
1223 4865 1288 4925 Hac
1309 4872 1410 4926 autem
1433 4885 1465 4926 re
1481 4865 1662 4926 incredibile
1681 4872 1738 4940 cst,
1753 4882 1846 4942 quan·

361 4997 424 5049 lum
441 4991 582 5050 civitates
596 4991 787 5051 emerserint.
802 4992 937 5052 Accessit
953 4993 1057 5053 altera.
1070 4992 1150 5053 Mira
1166 4997 1234 5052 sunl
1257 4994 1286 5050 in
1308 4991 1488 5052 civitatibus
1503 4990 1639 5067 ipserum
1652 4989 1736 5050 furta
1751 4989 1845 5050 Grae

362 5133 476 5190 eorum,
494 5135 569 5195 qaae
588 5119 790 5195 'magistratus
805 5117 858 5196 ¹sui
880 5116 1014 5178 feceram
1036 5125 1092 5178 etc
1110 5119 1218 5180 Aditus
1240 5124 1339 5188 anem
1359 5117 1400 5178 ad
1423 5133 1473 5178 me
1488 5117 1615 5178 minime
1627 5115 1850 5194 provinciales.
