4146 5958
483 447 531 515 D’
547 445 731 514 ΑΒυοΖῐο
746 484 798 494 -
815 446 1031 533 duarenus
1060 446 1327 513 Pnurnnorr'us
1355 461 1440 515 aro.
1598 443 1645 512 31

217 643 276 708 est
304 637 475 724 septiens
504 639 686 725 milliens,
716 639 819 724 qnod
847 641 906 706 est
935 640 975 706 in
997 638 1154 725 tabulis,
1184 657 1283 724 quae
1303 641 1395 708 sunt
1415 637 1462 706 ad
1493 636 1617 724 Opisi
1644 639 1702 706 fu·

219 774 349 838 restae
378 771 486 838 illius
515 770 670 854 quidem
701 769 906 854 pecuniae,
937 767 1003 836 sed
1033 772 1162 836 tamen
1197 789 1294 854 <quae
1323 789 1419 856 nos,
1450 770 1480 836 si
1511 770 1580 855 iis,
1611 788 1701 853 quo-

217 919 299 966 rum
321 903 415 983 erat,
432 917 509 964 non
530 896 765 982 redderetur,
786 896 980 964 atributis
1001 901 1129 980 posset
1145 896 1352 964 vindicare.
1380 922 1393 956 t
1414 896 1516 964 Phil.
1533 898 1617 982 Μ
1638 900 1698 964 11:

223 1029 335 1095 «Illa
362 1027 564 1111 dissipatio
606 1027 792 1111 pecuniae
821 1027 999 1110 publicae
1042 1025 1200 1092 ferenda
1237 1027 1347 1092 nullo
1376 1025 1488 1092 modo
1517 1023 1601 1113 est,
1632 1043 1700 1110 per

217 1177 328 1240 quam
360 1156 580 1223 sestertium
609 1156 780 1240 septiens
801 1154 971 1222 milliens
991 1153 1098 1222 falsis
1118 1152 1461 1238 perscriptionibus
1481 1153 1697 1220 donationi-

219 1288 366 1370 busque
395 1286 558 1372 avertit,
588 1289 633 1353 ut
661 1285 830 1369 portenti
860 1284 987 1352 simile
1018 1283 1194 1352 videatur
1225 1288 1370 1350 tantam
1401 1283 1605 1367 pecuniam
1634 1303 1696 1367 po-

218 1418 298 1504 puli
329 1417 490 1485 llomani
519 1421 599 1484 tam
628 1417 734 1485 brevi
763 1418 934 1500 tempore
962 1416 1085 1498 perire
1106 1416 1288 1498 potuisse.
1313 1438 1331 1479 n
1365 1414 1466 1501 Quid
1496 1415 1617 1482 dicam
1650 1413 1697 1482 de

218 1546 395 1628 pactione
424 1543 527 1611 inter
555 1541 774 1612 Ciceronem
806 1547 845 1610 et
875 1543 1075 1610 Octavium
1108 1543 1294 1628 confecta,
1325 1562 1401 1628 qua
1430 1543 1562 1612 Cicero
1590 1515 1699 1611 suam

218 1674 480 1758 eloquentiam
512 1675 858 1759 auctoritatemque
888 1673 989 1758 apud
1011 1678 1186 1742 senatum
1219 1680 1258 1742 et
1278 1676 1463 1760 populum
1493 1675 1705 1742 commoda·

218 1802 331 1889 verit,
354 1802 539 1870 Octavius
568 1805 696 1869 autem
719 1802 933 1869 subsidium
954 1822 1106 1869 snorum
1138 1804 1308 1870 militum
1330 1801 1577 1886 promiseriti
1594 1804 1702 1870 Haec

219 1934 366 2018 pacti0,
396 1933 507 1999 cuins
536 1951 585 1998 ne
614 1933 821 2018 vestigium
852 1931 1006 2015 quidem
1037 1933 1077 1998 in
1108 1931 1260 2016 scriptis
1289 1931 1481 1999 Tullianis
1509 1930 1699 2016 videmus,

218 2066 331 2148 plane
360 2061 629 2128 commenticia
658 2061 835 2127 habende
863 2065 933 2146 est,
963 2079 1088 2143 neque
1117 2061 1267 2146 minus,
1298 2065 1342 2127 ut
1370 2061 1559 2155 arbitror,
1588 2081 1611 2128 a
1640 2081 1700 2128 ve·

217 2191 333 2258 ritate-
371 2189 570 2273 abhorret,
600 2162 712 2271 quam
744 2189 956 2273 somnium,
987 2187 1088 2272 quod
1121 2188 1234 2271 paulo
1271 2189 1358 2271 post
1386 2167 1613 2282 exponitur,
1643 2187 1705 2254 fic-

220 2324 301 2385 tum
338 2319 421 2386 sine
451 2317 569 2384 dubio
598 2318 646 2384 ah
676 2318 806 2400 aliquo
834 2317 1004 2404 Augusti
1033 2316 1243 2384 adulatore.
1281 2318 1364 2384 Hoc
1393 2317 1584 2384 somnium
1615 2317 1705 2385 Sue-

220 2445 350 2512 tonius
394 2443 499 2530 (Anp.
532 2443 595 2530 95)
638 2448 677 2510 et
705 2444 779 2511 Dic
823 2443 977 2512 Cassius
1011 2441 1158 2534 (XLV,
1191 2443 1227 2531 2)
1256 2444 1437 2520 tribuunt
1477 2443 1520 2530 Q.
1552 2444 1702 2514 Catulo.

217 2576 422 2643 Praeterea
450 2575 676 2640 intransitu
708 2573 1072 2659 animadvertemus,
1092 2573 1344 2641 Plutarchum
1373 2573 1490 2639 etiarn
1513 2574 1701 2660 ignorare,

222 2705 363 2788 quihus
384 2704 608 2789 parentibus
628 2705 785 2790 genitus
805 2705 856 2770 sit
873 2704 1068 2770 Octavius.
1088 2703 1160 2769 Ait
1175 2702 1279 2768 enim
1300 2703 1383 2769 eius
1403 2704 1563 2768 matrem
1584 2702 1703 2769 fuisse

219 2830 373 2898 Actiam
409 2847 587 2897 sororem
612 2829 653 2897 C.
685 2829 883 2914 Caesaris,
912 2850 998 2896 cum
1039 2829 1157 2896 fuerit
1196 2829 1312 2898 huius
1348 2849 1467 2913 nepos
1505 2848 1705 2897 exserere

220 2962 339 3030 Julia.

323 3092 402 3158 Nec
432 3109 488 3176 ea,
519 3109 617 3174 quac
646 3089 772 3172 capite
794 3093 842 3157 45
864 3090 1129 3174 continentur,
1151 3090 1287 3156 adduci
1312 3085 1465 3175 possum
1496 3096 1541 3156 ut
1570 3095 1702 3174 putem

221 3222 410 3310 originem
432 3224 592 3289 traxisse
621 3217 865 3306 exoperibus
886 3220 1081 3289 Ciceronis
1102 3223 1160 3288 vel
1183 3221 1305 3306 ipsius
1325 3226 1492 3288 mentem
1515 3223 1702 3288 animum-

222 3371 295 3435 que
325 3350 605 3435 quodammodo
633 3349 873 3432 expressisse.
903 3349 1078 3432 Namque
1108 3349 1333 3433 perhibetur
1362 3348 1493 3418 Cicero
1538 3350 1704 3450 primum
1767 3343 1769 3347 ’

219 3480 307 3548 odio
336 3483 375 3547 in
406 3480 650 3564 Antonium,
680 3477 820 3544 deiude
849 3478 1061 3545 ambitione
1104 3479 1295 3562 impulsus
1335 3497 1442 3565 esse,
1475 3485 1518 3546 ut
1547 3497 1586 3545 se
1616 3499 1704 3546 cum

224 3607 383 3674 Octavio
412 3608 676 3693 coniungeret,
707 3605 816 3672 cuius
846 3607 1021 3690 potentia
1050 3627 1090 3674 se
1110 3607 1291 3674 maiorem
1314 3608 1354 3673 in
1374 3625 1417 3674 re
1445 3608 1601 3692 publica
1620 3627 1705 3674 auc·

220 3721 414 3802 toritatem
439 3738 733 3801 consecuturum
755 3733 1016 3802 arbitraretur.
1039 3733 1131 3801 Cum
1157 3734 1368 3801 Antonium
1399 3753 1445 3800 ex
1465 3735 1557 3800 urbe
1578 3734 1706 3802 eiecis-

218 3867 277 3929 set
294 3914 303 3949 ,
333 3863 463 3929 Hirtio
492 3867 531 3929 et
559 3865 684 3930 Pansa
713 3862 936 3929 consulibus
971 3867 1105 3929 contra
1134 3879 1220 3928 eum
1252 3862 1404 3947 missis,
1435 3862 1629 3948 effecisse,
1663 3867 1707 3929 ut

220 3997 377 4060 senatus
406 3992 555 4061 Caesari
588 3993 811 4078 Octaviano,
842 3993 907 4075 qui
939 4011 1005 4074 pro
1034 3989 1159 4075 patria
1189 3991 1330 4060 bellum
1362 3996 1523 4078 gereret,
1553 3993 1706 4058 lictores

221 4122 460 4207 honoresque
489 4124 698 4206 praetorios
727 4123 959 4189 decerneret.
989 4122 1092 4207 Post,
1118 4127 1298 4206 superato
1327 4122 1513 4208 Antonio,
1546 4125 1706 4190 mortuis

219 4254 463 4334 consulibus.
487 4254 614 4341 pergit
641 4253 885 4339 Plutarchus,
915 4258 1090 4321 senatum
1112 4254 1280 4338 milites,
1301 4272 1396 4337 quos
1425 4255 1474 4320 ad
1504 4253 1704 4322 Caesarem

219 4381 411 4449 confluere
442 4382 613 4464 vidisset,
645 4381 752 4449 adse
781 4401 940 4449 avocare
961 4386 1140 4449 conatum
1172 4400 1265 4467 esse,
1287 4382 1533 4450 dictitantcm
1562 4399 1602 4450 se
1625 4403 1705 4469 pro-

220 4510 500 4596 pugnatoribus
530 4529 604 4576 non
636 4529 759 4597 egere.
801 4511 925 4597 Quare
955 4509 1152 4578 Caesarem
1184 4511 1431 4598 indignatum
1471 4529 1494 4576 a
1523 4509 1705 4578 Cicerone

218 4638 497 4724 impetravisse,
532 4659 580 4706 ne
600 4658 640 4705 se
669 4638 871 4723 desereret,
905 4639 995 4707 data
1015 4639 1102 4726 fide,
1132 4642 1163 4707 si
1184 4659 1270 4706 cum
1301 4660 1345 4707 eo
1365 4640 1608 4707 consulatum
1630 4639 1707 4706 adi-

219 4769 449 4854 pisceretur,
480 4770 563 4836 eius
592 4769 749 4836 arbitrio
778 4788 818 4836 se
847 4770 977 4837 omnia
1004 4747 1377 4838 administraturum.
1407 4770 1545 4854 Itaque
1573 4789 1703 4838 senem
1797 4806 1800 4814 ·

218 4915 240 4964 a
259 4894 508 4964 callidissimo
528 4895 775 4963 adulescente
795 4896 1010 4983 deceptum,
1033 4899 1274 4966 voluntatem
1294 4902 1451 4964 senatus
1471 4898 1507 4964 ei
1528 4898 1706 4966 concilia-

219 5025 331 5111 visse3
362 5045 437 5110 qua
458 5025 505 5092 de
525 5045 641 5092 causa
667 5029 750 5092 tum
771 5026 909 5093 acriter
928 5026 975 5093 ab
995 5026 1128 5093 amicis
1157 5026 1403 5112 obiurgatum
1423 5045 1518 5112 esse,
1534 5030 1573 5094 et
1592 5028 1707 5110 paulo

217 5161 303 5242 post
323 5157 470 5244 patriae
488 5157 708 5225 libertatem
728 5177 751 5224 a
770 5177 810 5225 se
830 5155 1017 5244 proditam
1040 5157 1216 5225 sensisse.
1247 5156 1402 5244 Contra,
1424 5157 1455 5224 si
1477 5157 1597 5224 libros
1616 5159 1703 5227 'Pul-
