4146 5958
269 1251 599 1372 ‘pollutus
636 1249 1002 1351 PLUTARCHUS
1041 1249 1091 1348 IN
1132 1247 1310 1349 REBUS
1349 1243 1630 1348 CICERONIS
1697 1282 1701 1288 ·

617 1475 833 1560 llllllllls
861 1475 937 1560 llus
965 1475 1116 1560 slltllts
1144 1475 1226 1560 USUS
1255 1476 1319 1560 Sil.

858 1673 1086 1684 ¹3—ss—

471 1855 787 1924 nrsruunvrr
819 1852 1127 1922 mucuurrus
1156 1853 1465 1922 o’Annoaro.
1511 1815 1514 1822 ’

334 2545 471 2611 Nescio
499 2564 546 2610 an
579 2547 730 2611 nullum
762 2547 934 2610 veterum
972 2543 1202 2626 scriptorum
1232 2562 1328 2626 opus
1357 2545 1508 2609 tantam
1538 2543 1617 2608 vim
1649 2542 1715 2608 ha·

233 2674 322 2741 beat
350 2673 398 2741 ad
426 2675 627 2741 hominum
660 2694 782 2741 mores
810 2673 1029 2742 formandos
1059 2676 1242 2756 quantam
1265 2665 1369 2739 vitae
1389 2671 1586 2739 Plutarchi
1612 2672 1717 2738 inter

231 2818 270 2866 se
300 2804 552 2885 comparatae;
583 2820 677 2884 quas
706 2801 772 2884 qui
799 2802 908 2888 legat
937 2801 992 2866 ita
1012 2799 1290 2884 praeclarorum
1313 2798 1527 2866 facinorum
1550 2797 1713 2866 admira-

231 2927 337 2996 tione
366 2934 406 2996 ot
435 2931 615 2997 vitiorum
647 2929 961 3018 flagitiorumque
991 2928 1079 2996 odio
1108 2928 1342 3014 incenditur,
1364 2933 1409 2995 ut
1429 2947 1474 2995 ex
1493 2929 1563 2994 illa
1581 2929 1715 2996 lectio-

232 3079 280 3126 ne
310 3061 446 3160 melior
487 3061 559 3128 sibi
604 3063 770 3128 evasisse
801 3061 988 3129 videatur.
1020 3061 1274 3148 Quamobrem
1310 3079 1460 3144 semper
1488 3060 1529 3125 in
1560 3058 1710 3146 deliciis

231 3188 387 3256 habitae
418 3191 586 3258 suntab
616 3191 796 3258 omnibus
829 3192 895 3274 qui
925 3191 1185 3278 cognitionem
1218 3159 1344 3256 rerum
1366 3189 1558 3256 salubrem
1579 3194 1619 3256 et
1639 3188 1715 3256 fru-

234 3318 394 3405 giferam
435 3321 717 3403 expetiverunt.
746 3321 880 3403 Neque
923 3319 1057 3407 aliud,
1087 3319 1118 3386 si
1149 3319 1340 3385 nonnulla
1368 3317 1716 3409 animadvertimus

233 3468 331 3532 quae
360 3449 500 3533 passim
530 3451 569 3516 in
601 3450 693 3517 vitis
722 3451 864 3534 scripta
892 3454 996 3535 sunt,
1026 3449 1359 3518 Plutarchussibi
1390 3450 1472 3533 ipse
1501 3449 1715 3534 proposuit,

232 3597 348 3660 quam
379 3582 423 3644 ut
452 3598 600 3645 morum
631 3578 861 3662 probitatem
893 3597 979 3643 cum
1001 3597 1155 3645 suorum
1178 3577 1320 3664 civium
1349 3581 1433 3644 turn
1453 3578 1716 3644 Romanorum

232 3725 299 3790 per
327 3709 502 3792 exempla
530 3712 770 3791 promoveret
793 3708 841 3794 1).
867 3703 1041 3776 P'onebat
1069 3708 1173 3781 enim
1203 3728 1394 3784 summum
1418 3708 1560 3774 bonurn
1582 3706 1621 3772 in
1645 3707 1719 3774 vir·

232 3840 330 3922 tute,
351 3857 427 3920 qua
455 3838 554 3904 nihil
584 3837 799 3922 formosius,
817 3837 929 3910 nihil
960 3838 1232 3922 praestantius,
1263 3837 1363 3902 nihil
1394 3835 1543 3903 homiui
1565 3835 1716 3921 utilius,

232 3963 330 4030 nihil
361 3964 461 4047 quod
492 3984 576 4031 cum
608 3970 747 4032 natura
771 3965 942 4032 humana
962 3965 1084 4052 magis
1104 3965 1323 4032 cohaereret
1343 3964 1541 4032 iudicabat
1562 3962 1610 4050 2);
1635 3968 1719 4030 tan-
1838 4022 1841 4028 .

233 4095 310 4158 tam
342 4097 468 4159 autem
501 4094 576 4159 vim
609 4113 690 4160 esse
720 4093 889 4175 virtutis,
912 4097 955 4159 ut
984 4113 1030 4160 ea
1058 4098 1230 4177 spectata
1258 4094 1434 4160 homines
1463 4093 1509 4160 ad
1533 4094 1718 4160 imitatio-

233 4237 321 4284 nem
364 4220 561 4306 excitarct,
591 4223 832 4305 maximeque
866 4221 1120 4307 adamaretur,
1150 4221 1181 4287 si
1211 4240 1298 4288 cum
1328 4223 1435 4288 vitiis
1464 4203 1715 4306 comparatiol

234 4365 322 4413 nem
352 4346 510 4415 haberet
540 4350 587 4433 3).
610 4349 690 4416 Sed
713 4348 965 4415 vehementer
983 4345 1153 4435 fallatur,
1170 4329 1200 4416 si
1224 4348 1310 4430 quis
1331 4349 1369 4414 in
1393 4333 1472 4415 illis
1486 4337 1721 4446 ¹vitisquae·

318 4634 349 4714 1)
371 4637 404 4695 Io
428 4635 537 4710 primis
558 4633 649 4710 digna
671 4641 739 4692 sunt
763 4653 838 4712 quae
860 4643 972 4695 attente
1004 4635 1144 4710 legantur
1172 4634 1264 4693 verba
1301 4633 1373 4691 vitis
1396 4634 1564 4709 praemissa
1588 4611 1719 4705 Periclis

234 4769 263 4819 et
287 4762 373 4820 Fabii
397 4761 536 4830 Maximi,
560 4760 636 4818 uude
658 4760 830 4819 clarissime
853 4767 988 4836 apparet,
1008 4760 1080 4837 ¹quid
1098 4765 1201 4818 auctor
1223 4757 1416 4834 spectaverit.
1439 4757 1503 4818 Cir.
1525 4760 1619 4818 etiam
1640 4777 1716 4837 quac

235 4889 342 4947 scribit
367 4887 454 4945 initio
478 4888 560 4966 ritae
582 4886 739 4952 Demetrii.
1561 4853 1562 4857 Ἰ

277 5083 279 5088 s
315 5009 348 5089 2)
370 5011 430 5068 Cfr.
454 5010 565 5070 Pericl.
587 5010 615 5066 2.
1151 5068 1153 5072 ,
1635 5059 1637 5064 ,
1706 5058 1730 5094 :3

316 5114 359 5213 3).
373 5136 448 5194 Ibid.
470 5141 488 5206 ἡ
509 5141 591 5206 ἀρετὴ
619 5140 678 5202 ταῖς
698 5139 807 5206 πράξεσι
827 5139 910 5204 εὐθὺς
931 5139 1001 5190 οὕτω
1023 5138 1188 5205 διατίθησιν,
1217 5137 1286 5189 ὥστε
1310 5136 1365 5203 ἅμα
1384 5099 1578 5226 &epitectus
1601 5139 1635 5190 τὰ
1656 5096 1723 5208 ipra
