4146 5958
496 399 544 467 D’
562 399 746 468 Aunomo
761 437 814 448 -
830 400 1045 486 Qrmrunus
1074 402 1340 468 Pturanoaus
1369 415 1452 471 nnc.
1602 397 1651 480 27,

124 684 131 689 ,
229 595 343 680 plane
373 590 571 684 intellego,
602 597 824 682 praesertim
853 615 939 666 cum
961 597 1210 680 Theramene,
1240 597 1314 664 nisi
1349 595 1487 666 Caesar
1515 601 1617 668 tecte
1647 621 1712 670 no·.

229 729 309 796 tare
325 726 491 794 voluerit
506 726 613 794 illius
628 725 928 806 inconstantiam
946 713 1236 811 levitatemque,
1248 745 1325 810 qua
1340 727 1595 796 Theramenes
1607 731 1709 798 male

227 855 409 938 audisset.
448 857 543 942 Res,
573 875 667 940 quas
696 858 837 924 Itomae
877 854 1036 922 Caesare
1070 854 1257 922 dictatore
1296 857 1415 942 gessit
1444 856 1597 946 Cicero,
1630 858 1713 928 bre-

228 983 328 1049 viter
356 983 582 1069 perstringit
610 982 853 1050 Plutarchus.
882 983 1003 1049 Paulo
1032 981 1156 1050 fusius
1185 987 1457 1051 commemorat
1487 985 1530 1071 Q.
1560 986 1711 1074 Ligarii

227 1111 512 1198 defensionem,
543 1132 619 1196 qua
647 1110 741 1178 adeo
772 1111 909 1179 Caesar
937 1115 1150 1178 commotus
1179 1113 1251 1198 sit,
1282 1117 1326 1179 ut
1353 1133 1460 1180 rcum
1490 1113 1710 1186 dimitteret

225 1241 458 1307 absolutum.
498 1239 554 1306 Ac
583 1243 734 1323 praeter
770 1258 913 1306 rnorem
951 1240 1142 1306 nonnulla
1179 1240 1290 1323 ponit
1328 1239 1375 1306 de
1404 1240 1475 1336 hac
1510 1239 1707 1329 oratione,

226 1374 420 1453 tarnquam
443 1371 473 1437 si
496 1390 579 1437 eam
600 1369 832 1436 adhibuerit.
854 1369 928 1436 Sed
947 1369 987 1434 id
1007 1387 1115 1435 secus
1136 1387 1229 1454 esse,
1250 1388 1327 1435 non
1350 1368 1491 1435 desunt
1511 1387 1608 1452 quae
1629 1389 1710 1454 per-⁴

226 1497 427 1563 suadeant.
458 1497 627 1564 Primum
661 1497 762 1562 enim
794 1495 1151 1582 animadvertimus,
1182 1497 1356 1579 usurpari
1388 1496 1548 1562 verbum
1576 1495 1711 1584 λέγεται,

224 1626 325 1711 quod
356 1627 556 1694 ostendere
587 1626 768 1712 videtur,
799 1647 874 1694 non
906 1646 951 1692 ex
980 1627 1063 1708 ipso
1092 1644 1205 1708 opere
1235 1626 1414 1693 Tulliano
1444 1629 1597 1708 sumpta
1627 1645 1711 1692 esse

223 1777 321 1839 quae
338 1758 592 1841 proferantur
606 1755 746 1822 deinde
762 1755 1061 1839 describi,qnam
1081 1755 1328 1822 vehementer
1344 1753 1515 1822 Caesaris
1531 1755 1706 1820 animum

220 1888 412 1970 pepulerit
442 1889 587 1954 mentio
608 1887 742 1971 proelii
771 1885 980 1952 Pharsalici
1010 1885 1113 1951 facta
1142 1885 1181 1949 in
1212 1890 1382 1951 extrema
1411 1883 1596 1949 orationis
1629 1902 1711 1968 par-

222 2021 285 2102 te,
316 2036 401 2083 cum
432 2017 479 2082 de
508 2016 579 2082 hoe
608 2015 753 2098 proelio
786 2033 909 2098 pauca
937 2013 1117 2080 dicantur
1154 2015 1191 2079 in
1223 2014 1408 2080 orationis
1453 2033 1552 2095 quae
1585 2015 1710 2082 exstat

220 2145 421 2228 principie.
453 2145 579 2222 Verba
599 2149 726 2211 autem
758 2163 855 2227 quae
886 2143 1035 2210 Caesari
1069 2144 1307 2212 trilmuntur:
1336 2143 1364 2210 τί
1386 2142 1497 2209 κωλύει
1520 2143 1569 2210 διὰ
1591 2142 1708 2232 χρόνου,

219 2273 389 2362 litabam
413 2277 545 2342 ἀκοῦσαι
559 2275 718 2368 ,λέγοντος
745 2275 872 2342 nescio
902 2295 977 2358 quo
1000 2279 1110 2356 paeto
1141 2275 1206 2340 tlte
1236 2275 1406 2358 potuerit
1436 2274 1701 2373 pronuntiare,

218 2407 405 2490 siquidem
436 2408 586 2475 duobus
615 2412 706 2474 ante
739 2407 932 2473 aiensibus
962 2406 1114 2471 Pullius
1140 2406 1264 2472 eidem
1295 2407 1439 2488 gratias
1469 2407 1550 2492 egit
1581 2405 1619 2470 in
1649 2425 1703 2472 se-

217 2541 326 2620 natu,
357 2534 457 2619 quod
488 2536 654 2602 reditum
685 2537 736 2602 M.
767 2536 939 2602 Marcelli
969 2535 1217 2618 permisisset.
1250 2593 1253 2598 .
1351 2586 1355 2590 .

326 2663 450 2748 Opera
465 2665 666 2748 rhetorica,
688 2683 785 2748 qliae
807 2664 877 2730 hoo
898 2667 1068 2746 temporo
1089 2663 1221 2730 Cicero
1242 2666 1472 2749 composuit,
1502 2683 1550 2730 ne
1570 2668 1637 2730 tan
1647 2664 1708 2750 git

218 2791 387 2874 quidem,
407 2790 608 2857 dumtaxat
626 2791 811 2874 loquitur,
831 2791 968 2857 leviter
981 2765 1117 2856 *tamon
1139 2793 1256 2874 atque
1271 2791 1464 2876 universe,
1481 2790 1528 2856 de
1549 2791 1705 2875 scriptis

217 2939 314 3002 quae
343 2919 391 2986 ad
420 2919 701 3003 philosophiam
734 2920 943 3004 pertinent,
973 2924 1089 3002 atquo
1119 2920 1305 3005 suggerit,
1335 2918 1617 3006 quodquidam
1640 2923 1703 2987 est

216 3049 450 3134 inauditum,
480 3029 700 3117 Ciceronem
723 3049 873 3115 nobiles
891 3049 1157 3116 adulescentes
1178 3049 1462 3133 philosophiam
1482 3047 1691 3117 edocuisse.

213 3179 400 3262 liquidem
432 3181 607 3264 arbitror,
629 3199 696 3264 per
724 3198 887 3246 errorem
916 3178 1128 3246 indicatam
1157 3197 1239 3246 esse
1268 3178 1552 3262 philosophiam
1575 3197 1648 3264 pro
1667 3197 1702 3245 e·

215 3309 443 3395 loquentia;
473 3313 625 3376 constat
653 3308 827 3394 enimi),
858 3308 896 3374 in
929 3311 1009 3376 arte
1039 3307 1195 3374 dicendi
1224 3312 1308 3375 tum
1338 3308 1449 3374 illum
1481 3309 1702 3376 exercuisse

216 3440 404 3526 Hirtium,
433 3441 611 3525 Pansam,
631 3415 896 3524 Dolabellam,
927 3439 1067 3522 quibus
1096 3438 1152 3504 uti
1184 3440 1324 3523 potuit,
1354 3443 1399 3505 ut
1428 3416 1732 3508 auctoritatem·

214 3568 253 3633 in
280 3571 495 3654 republica
523 3574 775 3655 recuperaret.
797 3569 917 3638 Laudi
940 3573 1069 3635 antem
1090 3568 1264 3650 Ciceroni
1285 3570 1424 3638 tribuit
1452 3571 1699 3658 Plutarchus,

214 3695 314 3777 quod
328 3695 527 3765 doctrinas
548 3677 861 3782 philosophorum
880 3697 1109 3764 Graecorum
1129 3697 1268 3764 Latine
1285 3697 1449 3786 dialogis
1469 3699 1700 3783 expresserit

215 3826 253 3888 et
269 3821 456 3890 vocabula
471 3825 614 3892 Graeca
624 3825 665 3890 in
681 3825 863 3891 Latinum
881 3843 1093 3891 sermonem
1107 3845 1175 3894 con
1182 3826 1350 3894 verterit.
1363 3825 1604 3913 Addit,quod
1619 3847 1698 3894 non

212 3951 359 4033 reperio
387 3951 427 4018 in
454 3953 607 4038 scriptis
628 3951 831 4037 Tullianis,
853 3951 962 4018 illum
984 3952 1201 4021 condidisse
1230 3956 1400 4022 carmina
1425 3957 1543 4022 animi
1566 3975 1698 4042 causa,

215 4084 266 4166 et,
297 4083 388 4148 cum'
414 4082 461 4150 ad
490 4082 590 4150 hano
619 4102 697 4149 rem
728 4099 878 4166 operam
911 4082 1031 4169 daret,
1061 4105 1140 4152 una
1159 4091 1272 4154 nocte
1302 4089 1536 4176 quingentos
1567 4107 1700 4156 versus

212 4207 460 4280 factitavisse.
481 4211 527 4276 In
549 4211 766 4278 Tusculano
787 4230 872 4276 curn
895 4210 1063 4298 degeret,
1089 4213 1136 4279 ad
1157 4215 1298 4282 amicos
1318 4216 1513 4300 scripsisse
1534 4215 1696 4282 Laertae

212 4353 251 4402 se
281 4336 400 4402 vitam
424 4338 565 4406 vivere.
596 4337 670 4406 sed
699 4338 739 4404 in
761 4337 951 4425 epistulis,
981 4357 1079 4421 quae
1109 4341 1262 4425 quidem
1293 4347 1458 4429 exstent,
1480 4361 1695 4427 numquam

182 4443 369 4530 ‘Laertae
400 4460 546 4532 mentio
574 4465 750 4533 occurrit.
782 4463 884 4550 Quid
914 4464 1014 4548 quod
1044 4486 1067 4532 a
1094 4471 1250 4552 praedio
1280 4471 1497 4540 Tusculano
1527 4474 1610 4540 tum
1640 4491 1698 4538 re-

209 4587 396 4678 fugiebat,
426 4593 517 4676 quia
545 4592 804 4678 frequentiam
833 4593 939 4659 illam
970 4614 1046 4661 non
1078 4596 1191 4668 facile
1210 4601 1308 4670 ferre
1337 4599 1517 4688 poterati
1538 4599 1574 4689 2)
1594 4601 1694 4669 Raro

236 4933 239 4940 .
291 4886 321 4962 1)
343 4887 489 4960 Adsum.
511 4883 567 4955 IX,
590 4885 636 4955 16,
659 4885 740 4946 Suet.
763 4888 799 4948 de
820 4889 909 4952 atet.
932 4891 959 4963 1,
982 4891 1084 4950 Senec.
1111 4888 1249 4948 Controv.
1273 4889 1299 4949 1.

289 5010 324 5087 2)
346 5010 394 5070 Ex
416 5009 532 5070 Atinati
556 5009 586 5069 in
607 5010 811 5071 Tusculanum
836 5014 920 5073 venit
941 5014 992 5073 XI'
1008 5013 1078 5072 Kal.
1094 5013 1168 5084 Iun.;
1191 5012 1330 5073 discessit
1356 5015 1403 5074 Vl,
1417 5015 1487 5076 Idus
1507 5017 1695 5102 Iunias(cir.

211 5137 255 5198 ad
276 5136 341 5197 Att.
364 5136 432 5210 XV,
453 5137 521 5200 3et
541 5133 605 5216 11).-
625 5136 691 5198 Iam
707 5138 873 5216 scripserat
894 5138 951 5221 (ad
965 5142 1033 5203 Au.
1054 5141 1125 5215 Xll,
1140 5140 1202 5222 tO):
1228 5141 1288 5202 «si
1310 5142 1378 5221 quis
1401 5145 1539 5223 requirit,
1560 5164 1615 5210 eur
1635 5163 1694 5210 non
