4146 5958
359 393 408 460 18
554 387 604 460 D’
620 391 1105 478 Aeneam—Quorsum
1131 393 1402 462 Pnuranonus
1427 407 1513 462 nuc.

408 584 467 652 De
496 581 544 654 A.
576 581 744 652 Gabinio
771 584 811 650 et
838 583 881 651 h.
910 579 1050 652 Pisone
1078 583 1303 652 consulibus
1344 582 1430 670 quis
1466 584 1633 672 ignorat,
1663 603 1778 672 onam

263 721 266 728 '
302 733 415 798 saepe
445 713 576 782 (licere
604 713 787 782 acerrime
815 718 975 798 questus
1008 715 1071 801 sit,
1102 719 1146 784 ut
1176 713 1564 814 Olodiifautoribus,
1585 736 1609 784 a
1627 735 1702 800 quo
1719 737 1783 803 po

302 839 517 908 vinciarnnr
539 841 728 926 pactione
757 841 925 926 corrupti
954 840 1108 910 essenti
1136 843 1194 912 Ex
1222 843 1348 912 verbis
1377 815 1576 914 Plutarchi
1616 865 1694 912 non
1723 864 1786 930 ap-

302 974 440 1058 paret,
474 969 568 1054 quid
596 972 655 1038 illi
685 943 901 1058 gesserint,
931 973 992 1039 vel
1021 972 1164 1057 potius,
1186 971 1279 1056 quid
1308 974 1410 1056 passi
1439 975 1519 1041 sint
1547 974 1671 1042 faeere
1697 973 1787 1042 ⁴(llo-

302 1101 422 1170 dium.
453 1101 577 1189 Quam
604 1102 739 1170 ieiuna
766 1106 805 1170 et
834 1123 970 1171 manca
998 1107 1057 1170 est
1085 1104 1253 1171 narratio
1282 1124 1408 1172 rerum
1438 1106 1545 1173 illius
1574 1107 1668 1174 anni
1711 1124 1787 1172 me·

303 1232 528 1302 morabilis!
557 1233 731 1302 Plurima
759 1233 1028 1319 praetermitti,
1058 1251 1156 1317 quae
1190 1251 1345 1302 necesse
1363 1234 1441 1301 fuit
1460 1254 1699 1321 cognoscere,
1720 1236 1788 1301 mi·

302 1384 389 1434 rum
417 1369 488 1453 est,
519 1366 743 1450 praesertim
772 1385 859 1434 cunr
879 1369 957 1432 tarn
978 1365 1134 1434 uberem
1156 1366 1356 1434 materiam
1377 1367 1569 1434 orationes
1586 1367 1789 1434 Tullianae

303 1493 565 1581 praebuerint.
597 1493 694 1562 (lum
731 1495 899 1578 scribat,
936 1495 979 1564 L.
1022 1494 1201 1562 Pisonem
1245 1493 1455 1562 humanius
1495 1496 1669 1564 locutum
1708 1515 1789 1564 esse

309 1625 490 1712 (πραότερον
503 1625 661 1714 διελέχθη)
691 1628 730 1694 et
758 1625 811 1693 M.
834 1626 962 1694 Tullio
991 1623 1234 1710 suasissent
1262 1623 1414 1696 cederet
1442 1627 1621 1713 tempori,
1640 1645 1686 1694 ex
1718 1627 1791 1694 hoc

271 1823 273 1828 ,
305 1753 390 1822 inre
418 1755 590 1842 colligas,
621 1773 707 1823 eum
738 1754 896 1842 fugisse,
917 1773 1030 1838 quam
1060 1754 1547 1839 ace1·be·vehementerque
1567 1755 1719 1824 Pullius
1748 1756 1790 1821 in

304 1883 484 1952 Pisonem
515 1883 692 1950 invectus
721 1885 832 1950 esset.
862 1883 1045 1950 Delatum
1084 1901 1165 1950 esse
1194 1900 1215 1948 e
1244 1881 1439 1950 (liceronis
1468 1882 1581 1949 domo
1608 1881 1649 1975 iu
1682 1880 1792 1965 (lapi-

305 2011 443 2080 tolium
473 2013 626 2100 signnm
656 2015 866 2099 Minervae,
896 2031 973 2080 non
1004 2012 1045 2078 in
1075 2011 1315 2080 orationibus
1343 2011 1575 2096 reperimus,
1595 2029 1727 2077 verum
1748 2011 1790 2078 in

304 2140 418 2208 libris
436 2140 482 2210 de
502 2141 656 2228 legibus
676 2140 741 2229 (II,
762 2143 781 2224 t
802 2140 878 2225 42),
900 2140 967 2207 ubi
987 2140 1104 2207 etiam
1134 2131 1329 2206 indicatur
1357 2144 1483 2224 causa,
1505 2156 1604 2224 quae
1622 2137 1732 2206 deest
1750 2136 1793 2204 in

305 2271 528 2364 Plutarcho,
543 2289 611 2338 cur
639 2270 808 2338 delatum
840 2271 891 2337 sit
920 2269 1133 2358 (Minervam
1154 2272 1325 2338 custodem
1344 2271 1443 2336 urhis
1463 2270 1505 2336 ab
1524 2271 1642 2354 treptia
1662 2249 1792 2335 calori

303 2403 404 2487 possi
431 2421 501 2470 aon
528 2400 675 2488 somus).
706 2400 781 2468 Sed
809 2419 886 2468 non
916 2399 1025 2467 deest
1052 2399 1156 2483 quod
1185 2400 1434 2467 timiditatem
1467 2397 1618 2482 prodat,
1646 2396 1793 2466 (licere-

306 2548 395 2598 nem
425 2549 471 2598 ex
499 2530 593 2597 urbe
622 2531 722 2598 circa
748 2529 913 2596 mediam
944 2532 1094 2597 noetenr
1131 2533 1337 2596 exeuntem
1376 2529 1423 2599 ab
1461 2528 1595 2596 amieis
1613 2557 1615 2561 ·
1633 2528 1794 2597 comites

307 2660 509 2747 accepisse,
539 2659 605 2743 qui
635 2659 718 2726 eius
746 2659 866 2726 vitam
887 2661 1101 2726 tuerentur.
1123 2639 1311 2746 Ait,'lege
1332 2658 1468 2726 (llodia
1486 2663 1675 2726 statutum
1697 2678 1792 2745 esse,

306 2809 357 2858 ne
385 2790 471 2874 quis
499 2792 602 2856 tecto
630 2786 852 2863 Oiceronem
879 2786 1067 2870 reciperet
1087 2787 1190 2854 intra
1210 2788 1426 2874 quingenta
1446 2789 1571 2855 millia
1592 2806 1793 2874 passuum,

308 2939 394 2988 oum
423 2938 470 2987 ex
496 2917 664 3002 epistula
692 2919 829 3000 quarta
856 2915 944 2981 libri
975 2914 1081 2982 tertii
1110 2914 1158 2980 ad
1187 2915 1363 2984 Atticum
1393 2919 1565 3002 constet,
1594 2917 1680 3002 lege
1723 2916 1794 2984 illa

259 3055 261 3058 ’
310 3049 366 3117 ita
393 3053 550 3116 cautum
578 3063 682 3131 esse,
711 3047 756 3111 ut
783 3044 886 3110 ultra
913 3043 1198 3130 quadringenta
1227 3043 1351 3111 millia
1378 3044 1413 3111 ei
1442 3021 1589 3114 liceret
1605 3061 1699 3112 esse.
1716 3041 1792 3110 -Vi-

309 3179 461 3264 bouem,
490 3176 593 3261 quod
621 3175 803 3261 oppidum
836 3181 917 3248 erat
947 3176 1183 3260 Brittiorum,
1213 3176 1444 3244 Plutarchus
1473 3155 1646 3263 assignat
1674 3177 1794 3244 linca-

311 3307 431 3392 niae;
460 3305 638 3373 nominat
666 3303 853 3388 Vibium,
883 3303 1075 3372 hominem
1107 3269 1307 3389 Siculum,
1337 3305 1404 3388 qui
1442 3305 1544 3375 exuli
1589 3305 1717 3371 locum
1756 3302 1795 3368 in

312 3453 404 3522 agro
434 3434 647 3520 obtulerlt;
677 3432 808 3500 (licere
837 3437 970 3500 contra
998 3433 1144 3519 scribit,
1174 3453 1214 3500 se
1243 3453 1321 3500 non
1351 3434 1530 3502 habuisse
1559 3435 1700 3518 locum,
1730 3431 1796 3502 ubi

313 3587 380 3652 pro
410 3584 479 3636 suo
508 3565 592 3648 inre
622 3564 771 3636 diutius
800 3583 955 3632 manere
984 3569 1124 3650 posset,
1154 3583 1266 3648 quam
1297 3564 1338 3630 in
1367 3563 1488 3630 fundo
1509 3563 1620 3632 Sicae
1643 3565 1703 3650 (od
1721 3560 1798 3630 Ait.

312 3696 388 3783 ΙΙΙ,
405 3695 454 3784 2).
486 3693 528 3763 Ο.
551 3696 790 3788 ¹Vergilium,
819 3699 1032 3780 praetorem
1061 3696 1229 3783 Siciliae,
1250 3698 1400 3764 exulem
1422 3697 1595 3780 accipere
1615 3695 1799 3780 noluisse,

315 3829 423 3909 patet
460 3823 707 3893 exoratione
743 3842 810 3909 pro
838 3825 999 3892 Plancio
1027 3825 1059 3911 (t
1089 3823 1177 3910 95):
1212 3825 1278 3892 sed
1316 3825 1478 3910 scriptor
1507 3826 1700 3910 Graecus,
1732 3825 1799 3910 qul
1852 3839 1858 3852 ‘

315 3951 478 4020 eandem
508 3971 587 4018 reru
617 3956 759 4038 narrat,
788 3971 867 4049 non
897 3951 1051 4019 videtur
1079 3929 1455 4020 anteoculosillam
1477 3952 1669 4021 habuisse.
1689 3955 1799 4037 Nam,

318 4099 407 4150 oum*
435 4082 512 4149 alia
540 4083 665 4149 multa
693 4083 836 4149 tacitus
864 4083 1084 4166 praeteriit,
1115 4101 1212 4164 quae
1241 4084 1366 4150 solum
1395 4101 1441 4148 ex
1469 4101 1516 4148 ea
1542 4084 1718 4183 oratione
1744 4103 1800 4150 eo

317 4211 562 4299 gnosoimus,
593 4215 675 4276 tum
705 4210 827 4294 ipsius
855 4210 990 4278 Planci
1019 4229 1068 4277 ne
1097 4229 1238 4276 nomeu
1267 4210 1423 4293 quidem
1461 4211 1799 4294 commemoravit,

238 4435 240 4442 y
319 4344 387 4427 qui
416 4346 530 4412 tanta
555 4343 801 4430 benignitate
829 4361 873 4410 ac
900 4341 1135 4409 liberalitate
1164 4343 1314 4410 exulem
1344 4346 1545 4426 exceperat·
1565 4347 1706 4426 atque·
1736 4361 1801 4410 sex

320 4487 472 4538 meuses
513 4469 615 4555 apud
645 4490 685 4538 se
714 4470 1008 4538 Thessalonicae
1042 4471 1266 4537 retinuerat.
1296 4470 1476 4536 Dolorem
1519 4489 1608 4536 vero
1652 4471 1802 4539 maesti·

312 4599 520 4684 tiamque,
548 4618 624 4682 qua
652 4599 746 4664 exul
775 4598 935 4666 allectus
964 4599 1042 4684 sit,
1070 4619 1149 4666 non
1178 4599 1327 4666 omittit
1355 4599 1480 4666 verbis
1509 4599 1729 4686 illustrare,
1758 4604 1803 4666 ut

321 4734 518 4815 appareat,
547 4749 742 4798 summum
771 4731 894 4797 virum
926 4751 1001 4797 non
1031 4751 1091 4817 ea,
1120 4751 1197 4815 qua
1225 4731 1388 4816 deceret,
1415 4730 1644 4798 fortitudine
1674 4730 1803 4798 adver-

319 4874 381 4924 sas
409 4874 469 4923 res
496 4856 880 4942 pertulisse..Narrat
908 4858 1026 4925 etiam
1056 4858 1100 4946 (c.
1132 4857 1209 4945 32),
1238 4857 1340 4942 apud
1360 4858 1643 4946 Dyrrhachium
1672 4877 1801 4928 corne

317 4983 408 5052 nevi
439 4983 480 5050 in
510 4985 652 5051 terram
679 4985 747 5052 ille
776 5003 997 5072 egressurus
1024 4990 1139 5071 esset,
1167 4991 1290 5078 terrae
1318 4989 1466 5054 motum
1496 4987 1688 5070 marisoue
1706 5005 1798 5055 con.-

317 5111 533 5183 vulsionem
563 5113 768 5186 exstitisse.
799 5114 918 5184 Ouios
946 5115 1113 5207 prodigii
1142 5116 1290 5187 nullam
1321 5115 1423 5206 apud
1452 5115 1678 5188 Oiceroncsu
1719 5117 1800 5194 lieri
