4146 5958
485 445 532 511 D’
552 443 734 511 Annonro
750 480 803 492 -
819 445 1035 529 (qnatenus
1062 443 1331 508 Pnursnonus
1360 441 1443 506 arc.
1584 441 1630 506 15

204 639 264 706 sul
293 638 340 706 46
371 643 474 706 more
503 639 551 705 ad
581 622 768 723 populum
797 628 920 704 verba
943 627 1096 704 taceret.
1123 637 1219 702 Nam
1251 634 1502 720 Caesar,·tun1
1533 636 1687 717 praetor

202 769 439 857 designatus,
470 769 640 836 nondum
670 774 761 836 ante
789 769 877 835 Kal.
894 769 978 835 Ian.
1000 767 1265 854 magistratum
1298 765 1450 849 inierat,
1471 768 1510 830 et
1539 765 1683 847 Bestia,

202 902 268 985 qui
298 901 541 967 tribunatum
572 901 692 986 gessit
722 898 906 966 Cicerone
936 899 1093 964 consule
1139 898 1230 964 Sall.
1265 896 1342 963 Cat.
1365 895 1442 980 44),
1462 895 1584 961 Nonis
1612 897 1685 960 De·

202 1029 418 1097 cembribus
461 1030 534 1096 iam
581 1017 848 1116 magistratum
880 1027 1134 1110 deposuerat:
1166 1026 1212 1092 ah
1243 1045 1320 1090 uno
1350 1024 1508 1091 hletello
1537 1024 1684 1107 Nepote

202 1159 336 1223 consul
367 1157 492 1224 dicere
523 1155 667 1224 vetitus
696 1162 765 1222 est.

308 1287 391 1354 Non
432 1292 490 1352 est
532 1305 599 1351 cur
629 1287 751 1352 multa
782 1285 953 1352 dicamus
983 1285 1029 1350 de
1059 1285 1259 1352 nonnullis
1289 1283 1484 1351 Ciceronis
1515 1283 1682 1366 indiciis,

201 1438 298 1502 quae
329 1418 471 1504 proibrt
491 1418 723 1484 Plutarchus
744 1417 788 1504 (6.
813 1415 887 1499 24),
919 1421 962 1482 ut
992 1416 1072 1482 sint
1091 1416 1335 1502 documento,
1357 1414 1483 1499 illum,
1505 1413 1681 1497 quamvis

201 1548 373 1616 vanitate
389 1548 592 1631 laboraret,
605 1546 766 1614 aliorum
782 1547 1055 1630 laudibusnnon
1076 1546 1271 1613 invidisse.
1283 1547 1377 1612 Nam
1397 1547 1523 1628 verba,
1540 1545 1681 1627 quibus
1748 1610 1750 1614 .

201 1677 337 1760 utitur,
365 1675 468 1741 solat
497 1675 525 1738 δ’
549 1677 640 1740 αὐτοῦ
668 1663 977 1762 ἀπομνεμονεῦουσιν)
1004 1677 1097 1742 satis
1127 1676 1326 1742 ostendere
1358 1673 1450 1739 mihi
1483 1672 1677 1756 videntur,

201 1828 274 1874 non
299 1809 336 1876 in
359 1807 469 1874 libris
491 1807 694 1892 Tullianis,
716 1808 780 1874 sed
804 1810 841 1874 in
866 1809 1030 1891 quadani
1052 1807 1279 1874 collectione
1309 1805 1613 1872 memorabilium
1637 1822 1682 1870 ea

200 1937 337 2026 legisse
362 1936 407 2024 1).
436 1935 613 2004 Ceterum
635 1917 760 2003 obiter
780 1957 992 2022 monemus,
1016 1937 1201 2004 iudicium
1224 1935 1271 2002 de
1293 1936 1502 2002 Aristotele
1524 1933 1677 2016 reperiri

200 2063 310 2134 11664.
332 2067 384 2150 ΙΙ,
406 2067 531 2150 §1093
553 2053 601 2131 de'
614 2067 789 2150 Platone,
811 2066 918 2132 Brut.
940 2067 1064 2150 §1273
1086 2065 1271 2132 iudicium
1295 2064 1341 2130 46
1358 2061 1619 2130 Demosthene
1638 2059 1677 2125 in

198 2197 376 2282 epistulis
392 2217 489 2280 quae
506 2201 712 2280 supersunt
729 2217 804 2264 non
821 2199 991 2282 reperiri,
1004 2197 1070 2264 sed
1086 2197 1279 2264 exstitisse
1297 2200 1461 2262 testatur
1474 2193 1680 2279 Quintilia-

201 2305 272 2396 nus
293 2325 354 2410 (X,
375 2330 408 2409 1,
429 2328 491 2410 24,
508 2324 598 2420 XII,
619 2331 653 2410 1,
676 2325 751 2411 22).
773 2327 976 2392 Perierunt
997 2335 1124 2392 antem
1144 2323 1260 2392 Tullii
1284 2324 1473 2406 epistulae
1494 2321 1541 2387 ad
1562 2320 1681 2386 Hero-

198 2453 282 2520 dem
315 2458 354 2520 et
382 2453 430 2520 ad
460 2454 630 2520 Marcum
661 2453 810 2538 filium,
841 2474 1004 2538 (piretrum
1035 2454 1136 2538 apud
1166 2452 1413 2520 Plutarchum
1447 2452 1491 2516 fit
1521 2451 1679 2517 mentio.

237 2669 240 2677 Ι
305 2585 441 2652 Tribus
484 2585 676 2668 capitibus
705 2584 851 2674 (at-at)
896 2585 1090 2652 Ciceronis
1118 2585 1280 2651 facetiae
1310 2583 1573 2650 eontinentur.
1604 2584 1679 2649 Hic

198 2712 273 2778 luit
302 2712 415 2778 homo
445 2712 707 2780 dicacissimus
736 2719 775 2780 et
805 2700 1061 2780 crebrosque
1087 2695 1343 2778 dimissuram
1376 2713 1589 2778 sermonem
1619 2711 1679 2778 ad-

198 2843 382 2926 spersisse
412 2862 619 2926 omnesque
649 2844 697 2910 ad
727 2845 843 2911 risum
876 2841 1108 2927 captandum
1149 2843 1366 2908 insectatus
1396 2860 1476 2910 csse
1507 2842 1681 2925 perhibe-

201 2974 274 3056 tur,
305 2971 360 3037 ita
389 2976 433 3036 ut
463 2971 666 3040 dicacitate
697 2976 838 3040 inultos
868 2972 1103 3039 adversarios
1133 2972 1204 3039 sibi
1236 2974 1483 3054 compararet.
1514 2970 1591 3038 Cur
1620 2989 1680 3053 po-

196 3099 277 3164 tius
307 3097 379 3164 hoc
407 3101 489 3165 loco
520 3101 587 3166 illa
617 3100 719 3167 dicta
749 3088 1100 3184 proferantur,non
1130 3119 1321 3184 assequor.
1343 3093 1416 3168 sea
1440 3070 1523 3166 'non
1545 3098 1680 3166 dubito
1705 3123 1713 3133 ··

203 3231 297 3312 quin
329 3251 403 3297 uon
437 3252 481 3298 ex
510 3233 620 3298 libris
643 3234 835 3300 Tullianis
864 3239 1041 3317 excerpta
1070 3235 1161 3317 sint,
1193 3232 1323 3299 verum
1354 3253 1398 3300 ex
1428 3234 1558 3316 aliqua
1587 3234 1682 3299 1666-

205 3381 288 3427 rum
320 3361 623 3446 facetiarumque
653 3365 880 3431 collectione
910 3351 1199 3447 permanarint.¹
1218 3364 1459 3447 Accepimus,
1490 3363 1681 3447 Tironem,

205 3489 320 3554 Tullii
360 3489 558 3574 libertum,
587 3496 663 3558 tres
691 3469 883 3557 libros‘de
913 3491 1006 3557 iocis
1036 3491 1230 3558 Ciceronis
1260 3491 1438 3576 edidisse,
1471 3493 1598 3557 niimrs
1629 3496 1682 3557 ta-

198 3638 285 3685 men
332 3619 465 3686 iudicii
496 3622 534 3687 in
567 3622 757 3721 eligendis
786 3623 900 3690 dictis
929 3643 1042 3707 quarn
1074 3623 1191 3689 studii
1223 3623 1262 3689 in
1294 3613 1546 3709 congerendis
1576 3617 1680 3688 adhi-

195 3747 324 3815 buisse
347 3749 394 3832 2).
420 3751 522 3836 Quos·
551 3751 704 3854 quidem
736 3753 853 3820 libros
883 3752 1135 3820 certissimum
1165 3752 1299 3838 habac,
1320 3752 1585 3836 Plutarchum,
1606 3756 1677 3819 etsi

195 3897 386 3961 nusquam
419 3879 560 3947 diserte
589 3881 817 3966 laudaverit,
840 3882 980 3948 vidisse
1010 3887 1049 3948 et
1077 3882 1116 3947 in
1148 3901 1401 3948 suumnsum
1427 3882 1675 3949 convertisse.

304 4011 361 4077 Ex
391 4011 484 4077 iocis
515 4013 655 4078 transit
684 4012 728 4098 (6.
751 4015 814 4100 28)
833 4012 879 4078 ad
901 4014 1152 4097 simultatem,
1169 4033 1271 4096 quae
1293 4011 1465 4080 Ciceroni
1489 4031 1575 4078 cum
1597 4011 1679 4079 Clo-

195 4136 265 4202 dio
298 4137 527 4205 intercessit.
550 4137 670 4205 Cuius
699 4140 887 4226 originem
918 4147 962 4208 ut
991 4143 1168 4226 explicet,
1190 4140 1237 4207 de
1266 4141 1381 4207 sacris
1406 4144 1534 4207 narrat
1555 4158 1577 4204 a
1597 4139 1678 4206 Clo-

193 4265 256 4333 dio
285 4267 325 4333 in
360 4267 472 4335 domo
503 4267 674 4336 Caesaris
704 4271 874 4354 pollutis.
896 4273 1008 4337 Hanc
1036 4291 1116 4338 rem
1146 4291 1220 4337 non
1245 4291 1321 4338 uno
1342 4272 1424 4338 loco
1444 4271 1575 4339 Cicero
1595 4267 1677 4354 pro·

192 4392 293 4460 didit
321 4395 539 4466 memoriae-
558 4397 606 4483 3);
636 4402 729 4465 sunt
759 4403 886 4468 tamen
917 4418 1015 4482 quae
1044 4399 1271 4486 impediant,
1288 4419 1337 4467 ne
1366 4406 1547 4484 putemus
1566 4418 1612 4465 ex
1630 4417 1676 4466 66

272 4690 302 4772 1)
322 4693 432 4755 Fateor
458 4713 529 4753 vero
554 4698 642 4772 paulo
665 4705 735 4757 aule
755 4699 827 4757 haec
849 4701 1006 4776 scripsisse
1030 4707 1068 4771 ὡς
1082 4708 1116 4758 ἐκ
1136 4710 1188 4757 τῶν
1211 4703 1422 4774 συγγραμμάτων
1444 4706 1534 4768 λαβεῖν
1557 4706 1621 4757 ἐστι.

270 4818 302 4891 2)
324 4819 500 4888 Quintilian,
535 4821 583 4890 Vl,
607 4825 635 4894 3,
657 4822 685 4882 5.
709 4823 767 4882 Hic
795 4829 893 4882 tamea
924 4833 951 4882 el
973 4825 1145 4883 Macrobius
1170 4827 1313 4905 (Solatur.
1336 4824 1373 4896 ll,
1399 4828 1427 4898 1)
1462 4827 1595 4903 aliquam
1626 4827 1673 4884 ha·

192 4943 263 5006 beot
287 4945 517 5018 dubitationem,
543 4948 671 5008 fueritne
692 4950 766 5008 Tiro
787 4951 886 5010 editor
909 4951 1057 5012 librorum
1073 4955 1117 5038 de
1143 4955 1217 5014 iocis
1239 4954 1406 5013 Ciceronis.

270 5067 302 5144 3)
325 5068 377 5126 Ad
396 5073 461 5130 All.
484 5069 507 5142 I,
533 5072 569 5130 12
591 5079 618 5128 61
644 5073 689 5144 13;
713 5075 749 5131 de
777 5077 976 5152 haruspicum
1007 5081 1167 5155 responsis,
1188 5081 1206 5158 ἓ
1228 5080 1275 5138 37.
1299 5079 1455 5158 Nusquam
1483 5084 1583 5137 tamen
1606 5096 1670 5136 rem

191 5192 352 5260 allorodum
379 5192 442 5251 fuse
466 5205 636 5276 persecutus
658 5205 711 5260 esi.
