4146 5958
329 379 351 442 4
528 376 1080 472 D'hnnozro-Quarnuus
1108 382 1374 450 Pnurancnus
1403 372 1486 451 uro.

273 573 566 640 extremo-naso
596 551 783 656 fissuram,
808 571 960 654 qualem
981 571 1029 638 in
1061 571 1181 639 cicere
1210 574 1414 660 cernimus,
1434 573 1594 642 haberet
1624 572 1675 664 1).
1696 580 1755 644 De

272 699 345 768 hac
373 721 413 769 re
441 701 541 769 nihil
572 699 715 788 Oicer03
745 721 872 786 neque
891 723 1060 788 unquam
1083 705 1289 792 significat,
1310 705 1412 788 quod
1431 707 1634 794 nonnulli,
1655 712 1754 776 teste

271 830 492 916 Plutarcho,
521 831 690 916 aiebant,
720 849 832 898 suum
872 851 995 918 genus
1024 851 1069 899 ex
1098 832 1208 899 Attio
1238 834 1362 920 Pullo,
1394 835 1618 903 Volscorum
1649 855 1751 925 rege,

271 959 523 1046 repetendum
553 979 647 1046 esse;
676 959 795 1028 immo
824 979 925 1046 vero,
954 981 1041 1027 cum
1071 981 1139 1045 per
1166 962 1293 1029 iocum
1321 963 1486 1050 fingeret
1514 985 1650 1052 genus,
1677 967 1754 1034 alia

270 1088 440 1174 prodidit
467 1089 507 1155 in
538 1090 659 1156 Bruto
690 1087 738 1175 2).
758 1090 817 1156 De
846 1089 985 1156 studiis
1015 1091 1203 1174 pueritiae
1231 1090 1335 1157 haud
1361 1092 1485 1158 multa
1504 1110 1527 1159 a
1545 1094 1753 1162 Plutarcho

270 1221 502 1286 narrantur:
533 1217 598 1284 sed
628 1221 779 1284 tantum
812 1236 857 1284 ex
885 1237 930 1286 eo
959 1218 1190 1305 colligimus,
1221 1218 1323 1302 quod
1358 1220 1487 1306 sciam,
1518 1241 1541 1288 a
1569 1220 1752 1289 Cicerone

270 1346 518 1416 adulescente
561 1346 761 1413 conditum
792 1365 873 1414 esse
904 1347 1090 1438 Graecum
1120 1319 1300 1434 carmen,
1330 1349 1431 1433 quod
1465 1357 1565 1418 essct
1594 1352 1752 1436 inscrip-

269 1484 353 1548 tum
383 1479 508 1558 Πόντιος
532 1479 680 1557 Γλοιῦκος.
699 1479 803 1567 Alia,
833 1480 1128 1565 quaeprodidit
1156 1483 1374 1569 memoriae,
1403 1484 1525 1567 ipsius
1555 1485 1751 1555 Oiceronis

269 1608 493 1676 testimonio
517 1587 809 1694 confirmantur,
839 1627 924 1676 eum
957 1609 1150 1677 audivisse
1178 1611 1378 1678 Philonem
1411 1613 1679 1698 philosophum
1705 1620 1752 1682 'et

268 1733 441 1802 Mucium
470 1735 693 1802 Scaevolam
724 1739 764 1802 et
794 1735 893 1802 bollo
921 1737 1083 1804 Marsico
1105 1737 1175 1804 sub
1205 1739 1314 1804 Sulla
1343 1737 1438 1805 duce
1463 1741 1658 1824 stipendia
1678 1761 1751 1808 me-

269 1864 497 1944 ruisse.Sed
527 1865 566 1930 in
598 1864 658 1932 his
687 1885 763 1932 non
790 1869 855 1933 est
880 1886 947 1932 cur
975 1865 1411 1953 diutiusimmorcmur,
1432 1887 1516 1934 cnm
1540 1870 1639 1938 nihil
1660 1871 1751 1954 hinc

268 1995 453 2062 'efficiatur
481 1994 529 2060 ad
558 1993 597 2060 id
627 1993 729 2077 quod
757 1995 869 2062 nobis
898 1996 1177 2079 proposuimus.
1307 2089 1310 2096 .

270 2143 273 2146 ·
374 2126 542 2192 Primam
572 2143 723 2192 causam
755 2124 963 2211 publicam,
992 2145 1105 2209 quam
1137 2125 1268 2195 Oicero
1297 2129 1479 2214 egit,pro
1507 2129 1592 2198 Sex.
1615 2132 1749 2198 Roscio

267 2253 452 2324 Amerino
480 2254 712 2322 Plutarchus
740 2255 873 2339 paucis
902 2256 1029 2323 verbis
1049 2257 1370 2343 coniugiumque
1394 2265 1471 2325 tam
1494 2267 1683 2347 accurate,
1705 2267 1750 2328 ut

267 2403 307 2451 se
340 2381 800 2452 orationem‘Tullianam
840 2385 978 2471 legisse
1008 2390 1125 2468 atque
1153 2386 1192 2451 in
1224 2407 1336 2454 suum
1367 2408 1479 2456 usum
1515 2392 1748 2474 convertisse

266 2515 456 2583 ostendat.
485 2515 659 2596 Namque
688 2513 735 2580 de
763 2514 928 2600 Rruoic,
959 2516 1025 2598 qui
1060 2515 1228 2600 impulsu
1274 2516 1510 2605 Chrysogoni
1552 2520 1745 2603 parricidii

266 2661 372 2735 reum
416 2641 551 2708 lecerit
594 2641 799 2727 Roscium,
828 2661 904 2708 non
938 2643 1050 2709 inicit
1079 2645 1342 2732 mentionem,
1373 2665 1497 2729 neque
1532 2646 1632 2714 bona
1660 2649 1775 2716 Sex..

266 2772 393 2839 Roscii
423 2772 543 2856 patris
573 2771 686 2856 tanti,
718 2771 854 2854 quanti
885 2771 1029 2857 (licero,
1051 2774 1243 2842 aestimat.
1265 2775 1434 2843 Primum
1467 2777 1569 2842 onim
1600 2777 1744 2846 scribit:

267 2898 462 2985 Χρυσόγονος
485 2899 588 2965 οὐσίαν
612 2899 765 2985 ἐωνήσατο
782 2899 935 2986 δισχιλίων
951 2900 1103 2987 δραχμῶν,
1135 2882 1232 2985 quae
1262 2909 1354 2970 sunt
1384 2909 1598 2972 nostrorum
1639 2923 1746 2971 num-

265 3048 370 3094 mum
400 3009 479 3096 fere
509 3030 584 3096 duo
614 3029 750 3114 millia3
776 3034 816 3097 et
836 3035 921 3113 post
941 3031 1056 3115 paulo
1077 3030 1196 3099 addit:
1218 3031 1365 3111 Ῥώσκιος
1381 3035 1398 3098 δ
1414 3035 1474 3110 υἱὸς
1490 3037 1543 3100 κοιλ
1558 3034 1744 3122 κληρονόμος

264 3160 317 3216 τοῦ
339 3146 525 3236 τεδιηκδτος
540 3153 593 3236 τὴν
612 3151 716 3216 οὐσίαν
731 3150 907 3217 ἀπεδείκνυε
923 3151 1111 3237 πεντήκοντα
1127 3155 1180 3218 καὶ
1195 3153 1355 3219 διακοσίων
1371 3153 1525 3218 ταλάντων
1543 3155 1637 3220 οὖσαν
1652 3153 1746 3240 ἀξίαν,

263 3290 362 3355 quae
405 3276 620 3339 nostrorum
660 3292 881 3348 nummum·
912 3277 1004 3340 sunt
1047 3273 1172 3341 decies
1216 3279 1380 3342 centena
1422 3275 1546 3342 millia
1575 3279 1747 3344 trecenta

263 3404 715 3490 septuagintaquinque
755 3403 878 3470 millia
896 3404 962 3490 ’(11.
995 3403 1203 3491 1375000).
1234 3406 1365 3474 Oicero
1394 3406 1470 3475 ait:
1516 3406 1656 3473 «bona
1683 3426 1746 3491 pa-

233 3600 240 3606 „
263 3531 333 3597 tris
378 3531 538 3599 huiusce
576 3532 661 3600 Seu.
707 3532 859 3617 Roscii,
904 3549 1001 3614 quae
1040 3537 1132 3599 sunt
1173 3535 1372 3622 sexagiens
1411 3533 1422 3619 (
1433 3533 1470 3601 h.
1510 3552 1542 3601 e.
1582 3537 1746 3600 centena

262 3660 387 3728 millia
415 3661 926 3738 sestertium=uostrorum
956 3679 994 3726 n.
1029 3661 1244 3747 1200000),
1269 3681 1366 3745 quae
1396 3660 1442 3727 de
1471 3661 1559 3729 viro,
1583 3661 1745 3728 clarissi-

261 3805 324 3854 mo
352 3795 392 3855 et
421 3787 629 3856 fortissimo
659 3789 702 3856 L.
733 3788 868 3874 Sulla,
898 3806 1010 3870 quem
1052 3787 1208 3855 honoris
1237 3808 1351 3857 causa
1380 3789 1564 3875 nomino,
1594 3788 1744 3856 duobus

260 3913 439 3982 millibus
467 3936 668 3983 nummum
700 3916 807 4003 (=L.
831 3914 932 4016 400)Ι
950 3933 1031 3982 sese
1056 3915 1152 3983 dicit
1181 3918 1317 3984 emisse
1347 3915 1571 3985 adulescens
1602 3918 1660 3984 vel
1683 3923 1744 4001 po'·

261 4045 505 4142 tentissimus
534 4036 806 4132 hoc'tempore
835 4050 988 4113 nostrae
1017 4046 1200 4134 civitatis,
1230 4047 1272 4115 L.
1304 4047 1504 4115 Cornelius
1535 4047 1743 4135 Chrysogo-

261 4153 374 4258 110ονΙ
403 4173 435 4259 (t
465 4173 513 4261 6).
543 4174 647 4242 Hinc
676 4175 864 4260 efficitur,
893 4173 1202 4241 aestimationem
1233 4176 1416 4244 bonorum
1447 4176 1597 4261 Roscii,
1627 4195 1743 4260 quam

260 4301 471 4386 reperimus
500 4304 541 4370 in
571 4305 792 4393 Plutarcho,
822 4325 900 4372 non
930 4324 975 4372 ex
1004 4305 1177 4374 oratione
1206 4309 1387 4376 'Pulliana
1416 4327 1602 4376 manasse.

258 4650 261 4657 ’
339 4635 376 4715 1)·
392 4635 454 4696 Cfr.
477 4637 625 4697 Priscian.
650 4637 694 4709 ΙΙ,
716 4635 744 4708 5,
766 4637 814 4696 24.
839 4636 975 4708 Plinius,
999 4637 1036 4697 H.
1058 4643 1099 4698 N.
1121 4638 1243 4713 XVlll,
1266 4642 1296 4714 3,
1320 4641 1507 4714 Fabiorum,
1531 4641 1741 4718 Lentulorum,
1805 4655 1810 4664 '

257 4757 435 4824 Ciceronum
461 4766 641 4840 cognomina
666 4766 734 4824 inde
756 4782 820 4850 esse
842 4765 930 4825 ducta
952 4768 1155 4841 existimavit,
1170 4769 1248 4844 quod
1272 4787 1378 4829 earum
1399 4769 1590 4830 familiarum
1608 4752 1741 4849 quaeque

258 4886 381 4963 aliquod
405 4888 593 4962 leguminum
615 4906 708 4964 genus
730 4891 844 4966 optime
866 4892 1004 4951 sevisset.

336 5018 369 5095 2)
391 5017 453 5077 Cir.
475 5018 557 5094 562.
571 5017 629 5077 Sed
650 5027 892 5079 commemorant
915 5021 1031 5096 regiam
1054 5020 1148 5080 Tullii
1179 5022 1355 5098 progeniem
1378 5029 1407 5082 et
1428 5022 1575 5084 Eusebius
1595 5023 1625 5083 iu
1648 5024 1737 5088 Chro·

256 5138 335 5200 uicis
356 5146 386 5201 et
406 5141 504 5202 Silius
527 5142 651 5204 Italicus
676 5143 844 5222 splendidis
865 5162 937 5205 saue
959 5146 1099 5206 versibus
1121 5146 1204 5224 Vlll,
1225 5148 1286 5210 400
1305 5155 1335 5208 el
1356 5165 1439 5227 seqq.
1528 5152 1533 5162 ‘
