4146 5958
505 361 1039 458 D’Aononrof-Qunrrouus
1068 364 1334 429 Pnurnaouus
1358 351 1445 434 uro.
1600 335 1669 430 ‘35¹

237 554 305 621 br'o
323 554 512 622 ¹Tulliano
542 557 645 638 sunt,
676 553 740 620 sed
771 553 939 636 aliquam
970 553 1083 620 fidem
1113 554 1252 622 habere
1283 554 1476 639 videntur,
1506 573 1552 620 ex
1581 551 1712 628 eodem

232 683 511 753 commentario
547 682 702 750 fluxisse
740 682 1016 750 existimamus.
1060 681 1123 752 Ad
1160 681 1261 765 quod
1300 699 1422 768 genus
1460 681 1712 748 adscribimus

236 814 421 880 scelerum
452 811 643 879 Catilinae
672 812 1029 894 enumerationem,
1060 809 1230 876 eiusdem
1259 807 1555 894 iusiurandum,
1585 797 1715 877 omnia

239 963 335 1027 quae
365 944 412 1010 ad
443 943 483 1011 C.
500 943 743 1029 antonium,
773 944 963 1010 nonnulla
991 960 1097 1024 quae
1118 941 1165 1008 ad
1193 943 1402 1008 Lentulum
1434 945 1472 1008 et
1496 921 1714 1028 Cethegum

241 1075 464 1158 pertinent,
494 1073 679 1140 rationem
721 1092 798 1155 qna
836 1072 1057 1138 incendium
1097 1071 1202 1138 urbis
1240 1074 1415 1154 paratum
1445 1061 1716 1164 est‘,fort'asse

234 1201 351 1268 etiam
383 1201 527 1266 indicia
556 1200 677 1268 Silani
708 1204 747 1266 et
775 1199 940 1284 Pisonis,
970 1219 1066 1282 quae
1096 1199 1250 1283 quidem
1281 1198 1507 1285 gravissima
1525 1199 1716 1264 Druman‘-

232 1351 309 1396 ‘nus
339 1331 350 1414 i
361 1331 408 1415 V,
438 1351 474 1414 p.
506 1330 603 1415 494)
634 1329 841 1397 iudicabat.
880 1329 936 1396 lix
965 1329 1096 1396 eodem
1126 1331 1233 1394 fonte
1262 1329 1512 1396 Plutarchum
1536 1329 1715 1400 ,hausisse

227 1458 407 1560 suspicor
434 1458 660 1542 sententias,
677 1477 770 1540 quas
800 1456 922 1525 dictas
951 1476 1032 1523 esse
1061 1457 1102 1524 in
1131 1461 1281 1526 senatu,
1298 1456 1416 1529 tradit
1445 1455 1491 1522 de
1512 1443 1714 1542 supplicio,

236 1586 335 1671 quod
366 1588 406 1653 in
438 1589 656 1654 coniuratos
686 1591 786 1653 esset
814 1585 1142 1654 constituendum.
1179 1587 1332 1653 Ilrrores
1362 1590 1518 1671 autem,
1548 1571 1715 1670 inquot

235 1716 431 1802 inciderit,
450 1717 563 1783 facile
592 1717 881 1800 explicabimus,
903 1716 934 1782 si
964 1715 1251 1800 coniecerimus,
1273 1714 1508 1801 Ciceronem,
1530 1701 1605 1800 qua
1630 1695 1715 1783 ‘erat

236 1845 458 1931 prudentia,
477 1849 589 1912 caute
618 1846 759 1928 omnia,
781 1845 945 1912 maxime
974 1863 1081 1910 suam
1111 1846 1357 1931 sententiam,
1378 1846 1418 1912 in
1440 1825 1715 1913 commentario

235 1974 531 2058 exposuissent
560 1992 709 2040 omnem
741 1972 928 2039 invidiam
958 1992 1051 2038 nece
1081 1973 1364 2039 coniuratorum
1396 1966 1599 2039 conflatam
1612 1981 1653 2066 ‘a
1672 1971 1712 2042 se

236 2107 448 2168 removeret
477 2106 516 2168 et
545 2102 585 2166 in
615 2106 792 2169 senatum
823 2102 1058 2168 transferret.
1080 2101 1155 2168 Sed
1183 2102 1397 2170 cavendum
1418 2105 1487 2186 est,
1506 2092 1554 2168 no
1574 2090 1714 2187 omnia,

234 2250 330 2314 quae
356 2231 403 2297 ad
423 2233 728 2298 coniurationem
758 2235 946 2315 spectent,
977 2251 1022 2298 ex
1051 2231 1122 2298 hoc
1151 2251 1228 2298 uno
1257 2231 1364 2298 fonte
1394 2211 1510 2299 ducta
1539 2213 1715 2332 osse'pu3

200 2418 203 2424 ,
236 2368 374 2429 temus.
404 2363 537 2446 Neque
567 2363 668 2429 enim
701 2360 841 2429 desunt
880 2366 1109 2447 argumenta
1147 2367 1263 2446 atque
1300 2357 1471 2447 indicia,
1500 2345 1716 2446 exquibus

232 2497 416 2578 apparet,
447 2494 542 2560 alios
570 2493 722 2577 fontes,
753 2493 870 2558 etiam
908 2492 1026 2558 libros
1063 2511 1189 2558 rerum
1227 2473 1533 2562 memorabilium
1550 2511 1563 2575 ·,
1593 2473 1714 2557 ab‘eo

232 2621 426 2688 adhibitos
465 2641 557 2688 esse.
597 2620 652 2687 At
689 2621 783 2687 haec
820 2621 914 2687 satis
952 2621 1003 2688 sit
1040 2622 1253 2707 generatim
1288 2621 1526 2708 significare:
1548 2599 1718 2707 'singula'
1773 2682 1778 2693 .

232 2750 406 2832 persequi
448 2748 688 2833 supersedeo,
727 2767 814 2815 cum
853 2767 898 2815 ex
936 2748 984 2815 iis
1022 2767 1119 2832 quae
1157 2768 1273 2832 supra
1310 2748 1389 2816 dixi
1428 2748 1543 2816 facile
1580 2731 1712 2836 colligi

232 2876 382 2958 possint
412 2873 462 2965 1).
973 2943 975 2948 ,
1586 2967 1588 2972 ,

341 3001 436 3070 Cum
467 3003 589 3089 igitur
616 3003 847 3070 Plutarchus
886 2983 1008 3086 pauca
1037 3003 1241 3070 admodum
1273 3004 1415 3087 scripta
1442 2981 1718 3072 Iatinai'litess¹

229 3135 337 3202 runis
368 3136 555 3202 evolverit
584 3135 793 3218 eademque
831 3154 901 3201 nec
931 3135 1139 3222 diligenter
1176 3155 1247 3202 nec
1276 3137 1369 3202 satis
1398 3136 1518 3220 scite,
1549 3112 1721 3202 non'es't'

232 3233 476 3350 mirandum,
507 3267 538 3332 si
567 3267 638 3332 hoo
667 3267 790 3350 libro,
821 3266 867 3331 de
896 3285 972 3349 quo
996 3266 1304 3351 disputavimus,
1335 3266 1543 3351 imaginem
1585 3249 1719 3331 claris->-

232 3393 317 3460 simi
349 3394 421 3459 viri
451 3414 527 3459 non
558 3397 673 3478 plane
702 3395 750 3460 ad
779 3373 980 3462 veritatem
1019 3413 1233 3480 expressam
1264 3397 1450 3462 videmus.
1480 3381 1718 3494 'Perhibeturj

231 3522 333 3586 enim
363 3521 481 3588 fuisse
499 3521 629 3588 Cicero
658 3523 792 3588 multis
822 3523 1100 3605 exquisitisque
1119 3524 1261 3608 litteris
1282 3525 1457 3590 excultus
1478 3519 1711 3608 dicendique
1764 3525 1766 3531 ‘

231 3651 500 3735 peritissimus,
531 3650 596 3717 sed
626 3650 770 3736 gloriae
800 3651 916 3716 nimis
945 3651 1093 3736 avidus,
1124 3651 1278 3737 debilis,
1307 3652 1518 3737 mutabilis,
1537 3633 1718 3737 timidus,

230 3779 279 3845 ad
307 3781 409 3847 iocos
439 3781 674 3865 facetiaeque
700 3786 778 3848 tam
800 3786 1011 3866 promptus
1033 3785 1077 3847 ut
1097 3783 1319 3866 saepissime
1339 3779 1514 3850 scurrilis
1529 3763 1714 3850 iudicare-

230 3912 305 3974 tur.
321 3909 460 3991 Itaque
489 3929 564 3976 non
597 3929 716 3993 aeque
746 3910 1015 3992 sapienterque
1044 3910 1141 3976 vitia
1171 3914 1383 3993 pensantur
1404 3901 1625 3996 virtutihus,
1647 3891 1711 4008 seri

231 4037 300 4102 illa
329 4040 499 4121 apertius
528 4040 760 4124 planiusque
789 4037 1168 4123 animadvertuntur,
1206 4045 1322 4123 atque
1351 4040 1445 4106 adeo
1475 4038 1721 4125 nonnullae,

229 4165 370 4247 quibus
399 4167 594 4252 enitebat,
624 4169 835 4250 praeclaras
864 4166 1029 4232 virtutes
1057 4173 1125 4232 aut
1155 4167 1218 4234 vix
1246 4171 1315 4234 aut
1342 4169 1452 4233 nullo
1480 4169 1594 4234 modo
1623 4188 1709 4235 con-

229 4293 373 4376 spicere
403 4295 631 4386 licetzgquid
659 4297 712 4362 rei
743 4295 921 4379 publicae
951 4295 1186 4376 praestiterit
1217 4300 1261 4362 ut
1289 4295 1459 4378 optimus
1487 4295 1596 4382 civis,
1617 4297 1712 4380 quid

230 4422 363 4489 amicis
393 4428 432 4489 et
462 4425 671 4492 clientibus
700 4427 743 4490 ut
771 4427 957 4505 patronus
987 4421 1327 4510 diligentissime,
1358 4426 1551 4507 quantum·
1568 4423 1712 4510 gloriae

228 4548 399 4614 nominis
428 4551 589 4616 Romani
627 4550 814 4634 profuerit
851 4568 938 4615 oum
967 4529 1180 4635 praeceptis
1218 4553 1265 4619 de
1294 4552 1463 4618 moribus
1501 4551 1710 4650 officiisque

310 4839 340 4910 ll
363 4837 424 4896 Cfr.
441 4836 645 4908 Weizsacher,
664 4836 781 4897 Ce'ccror
798 4841 1011 4922 Hyponrnema
1026 4844 1092 4902 aad
1107 4842 1308 4912 Plutarchus
1325 4827 1615 4916 Neue'lah1·btcher,
1631 4801 1708 4918 CXI,

228 4980 255 5037 p.
273 4959 351 5031 4173
374 4957 522 5028 Schmidt,
544 4959 590 5016 De
608 4958 760 5018 Ciceronis
783 4964 1002 5021 commentario
1024 4964 1060 5023 dc
1080 4963 1244 5023 corrsnlotn
1265 4961 1472 5046 aPlatnrrlro
1497 4963 1529 5024 in
1551 4965 1614 5042 vasto
1633 4965 1710 5025 Cice·

247 5083 314 5145 onir
335 5097 490 5160 conpresso,
513 5081 651 5144 Lubeeae
676 5081 762 5146 1885.
828 5159 830 5162 Ι
1483 5061 1516 5068 ’Δ
1558 5063 1560 5073 ,
1596 5057 1597 5060 Ἴ
1650 5074 1652 5080 ¹
