4146 5958
379 407 426 472 16
569 407 619 472 D’
638 406 820 472 Annomo
835 443 888 454 -
903 407 1120 494 anrnsus
1149 409 1417 476 Pauraconus
1446 423 1529 476 nro

327 599 578 668 Plutarchum
608 599 863 667 narrationem
896 619 1001 667 suam
1033 599 1236 666 derivasse.
1261 599 1433 667 Primum
1463 599 1567 665 enirn
1598 620 1674 666 non
1706 599 1807 667 iudi-

331 729 518 813 cat‚quae
548 746 653 794 sacra
682 727 826 794 violata
854 726 945 812 sint;
976 726 1115 794 deinde
1144 727 1425 794 accusationem
1458 725 1581 793 Clodii
1613 727 1685 810 ipsi
1718 727 1808 796 Cae-

327 859 400 927 sari
432 859 597 945 tribuit,
627 861 693 944 qui
722 863 876 936 tanturn
906 859 1026 944 abest,
1059 863 1101 925 ut
1129 860 1238 926 illum
1269 859 1518 942 accusaverit,
1549 862 1593 924 ut
1622 877 1670 924 ne
1701 861 1815 936 testi-1

328 989 499 1058 monium
531 988 684 1072 quidem
716 987 841 1055 dicere
870 989 1048 1073 voluerit,
1074 1009 1150 1073 qua
1178 988 1224 1054 de
1252 1008 1368 1055 causa
1396 989 1579 1072 suspicati
1610 993 1704 1056 sunt
1733 990 1802 1054 viri

329 1119 446 1204 docti,
476 1118 604 1185 verbis
632 1121 847 1202 contextus,
878 1138 989 1200 quem
1021 1121 1174 1202 vocant,
1204 1117 1328 1184 inesse
1364 1117 1574 1202 mendum;
1605 1121 1687 1185 tum
1719 1135 1806 1184 oon·

324 1248 463 1332 firmat,
484 1245 659 1315 Clodium
691 1250 807 1312 antea
836 1247 955 1313 Tullii
984 1247 1147 1313 amicum
1178 1245 1296 1313 fuisse
1326 1247 1438 1329 eique
1468 1265 1619 1330 operam
1651 1247 1690 1312 in
1723 1265 1807 1311 con-

326 1377 519 1444 iuratione
548 1375 799 1460 opprimenda
827 1376 1060 1461 praebuisse,
1086 1394 1172 1442 cum
1193 1373 1325 1442 Cicero
1347 1375 1480 1442 Clodio
1510 1377 1711 1467 exprobret
1741 1396 1806 1442 uc·

326 1483 601 1574 cossitudinenr
640 1524 724 1572 omn
770 1503 940 1572 Catilina
978 1505 1039 1591 (de
1066 1505 1146 1572 har.
1175 1524 1264 1590 resp.
1295 1507 1314 1587 t
1344 1505 1393 1588 3,
1426 1524 1494 1589 pro
1523 1505 1606 1572 Mil.
1638 1507 1657 1588 t
1689 1506 1736 1571 14
1769 1510 1808 1570 ct·

325 1633 413 1719 21);
445 1633 614 1717 denique
644 1633 838 1710 Ciceronis
867 1632 1131 1700 testimouium
1168 1633 1207 1699 in
1243 1651 1357 1700 causa
1385 1631 1573 1700 Clodiana
1608 1653 1684 1698 non
1729 1637 1805 1700 tam

329 1765 505 1834 veritatis
533 1764 663 1832 studio
691 1764 836 1830 dictum
877 1783 960 1832 esse
987 1765 1208 1849 existimat,
1239 1783 1350 1847 ariam
1383 1769 1426 1830 ut
1456 1764 1557 1847 apud
1588 1764 1807 1830 Terentiam

325 1909 479 1958 uxorem
511 1892 578 1958 ille
606 1910 646 1958 se
675 1895 867 1978 purgaret.
899 1892 1116 1959 Terentiam
1148 1893 1250 1958 enim
1281 1891 1400 1958 tuisse
1430 1890 1566 1958 Clodio
1596 1891 1809 1960 infensissi-

325 2040 424 2088 mam
457 2024 612 2104 propter
641 2019 811 2088 Clodiam
845 2021 928 2088 eius
957 2041 1135 2106 sororem,
1165 2041 1278 2105 quarn
1310 2023 1381 2089 sibi
1415 2030 1523 2106 posse
1552 2021 1701 2088 auferre
1731 2041 1807 2088 rna-

325 2149 443 2232 ritum
474 2149 745 2233 suspicaretur.
767 2148 923 2215 Scilicet
953 2153 1029 2216 tam
1061 2167 1214 2236 gravem
1247 2148 1503 2234 inimicitiam,
1525 2167 1623 2231 quae
1652 2153 1727 2216 tam
1751 2149 1807 2214 fu-

325 2284 434 2346 nesta
479 2281 629 2364 peperit
658 2285 809 2366 eventa,
840 2281 1009 2364 suscepit
1038 2280 1182 2362 Cicero,
1213 2286 1258 2348 ut
1287 2281 1493 2365 imperanti
1524 2281 1630 2378 uxori
1664 2300 1804 2346 morem

325 2411 498 2496 gereret!
528 2413 587 2477 De
616 2431 692 2495 utra
720 2431 759 2478 re
789 2413 903 2498 longe
932 2411 1057 2494 aliter,
1083 2415 1127 2476 ut
1157 2430 1225 2493 par
1252 2415 1323 2496 est,
1345 2411 1425 2494 ipse
1455 2409 1629 2495 loquitur
1659 2409 1699 2475 in
1729 2429 1808 2476 ora·
1892 2504 1897 2509 .

326 2542 510 2610 tionibus.
540 2544 599 2608 De
628 2562 732 2626 prov.
763 2561 865 2609 cons.
896 2544 915 2624 b
945 2543 1020 2609 24:
1058 2541 1170 2609 «Cur
1198 2541 1329 2608 eadem
1360 2541 1588 2626 respublica,
1619 2559 1716 2624 quae
1747 2561 1806 2607 me

328 2669 366 2735 in
396 2669 538 2738 amicos
567 2670 805 2737 inflammare
836 2669 989 2754 potuit,
1020 2670 1197 2736 inimicos
1225 2671 1377 2753 placare
1406 2688 1482 2735 non
1513 2666 1663 2752 possiti
1692 2669 1804 2754 Quod

326 2796 420 2863 milri
451 2796 580 2864 odium
611 2817 697 2864 cum
727 2799 768 2866 P.
791 2797 925 2866 Clodio
954 2798 1043 2882 fuit,
1064 2799 1139 2864 nisi
1169 2798 1271 2881 quod
1301 2797 1557 2882 periculosum
1588 2797 1734 2881 patriae
1761 2798 1810 2863 oi-

326 2943 423 3001 vem
440 2925 520 2993 sore
548 2925 745 3011 putabam,
766 2926 830 3009 qui
861 2927 1084 3010 turpissima
1110 2927 1275 2993 libidine
1306 2927 1485 2994 incensus
1515 2926 1610 2994 duas
1637 2945 1698 2994 res
1725 2947 1809 2994 san-

303 3056 526 3140 ctissimas,
556 3055 781 3142 religionem
812 3061 852 3123 et
881 3056 1122 3139 pudicitiam,
1144 3076 1223 3123 uno
1252 3058 1392 3124 scelere
1424 3056 1632 3124 violasseti
1653 3083 1666 3116 a
1704 3059 1805 3144 Quid

327 3184 430 3268 quod
459 3185 646 3252 Lucullus
664 3186 834 3253 ancillas
863 3185 909 3254 ad
940 3187 1204 3268 quaestionem
1240 3186 1470 3270 praebuerit,
1501 3204 1599 3268 quae
1629 3185 1805 3255 Clodium

329 3333 415 3381 cum
445 3332 570 3380 sorore
601 3318 695 3380 natu
725 3314 899 3400 minima,
928 3315 1098 3381 eiusdem
1129 3314 1281 3380 Luculli
1304 3332 1431 3398 uxore,
1452 3333 1528 3380 rem
1552 3313 1732 3380 habuisse
1752 3314 1808 3380 di·

328 3441 488 3510 cerenti
515 3443 653 3510 Nonne
683 3442 822 3527 puduit
842 3445 1044 3510 Lucullum
1068 3444 1107 3508 in
1130 3444 1270 3530 vulgus
1291 3442 1457 3526 proferre
1477 3447 1575 3526 quae
1595 3442 1668 3509 sibi
1691 3445 1810 3510 maxi-

330 3594 390 3641 mo
419 3572 592 3640 dedecori
609 3549 782 3640 essenti
810 3575 921 3639 Hauc
949 3591 1025 3639 rem
1059 3573 1162 3638 unde
1191 3566 1625 3656 hauseritPlutarchus,
1646 3592 1723 3638 non
1751 3578 1811 3640 est·

326 3704 438 3771 facile
469 3703 677 3787 explorare.
707 3701 938 3768 Absolutum
969 3720 1050 3767 esse
1080 3699 1271 3784 Clodium,
1300 3700 1465 3783 pecunia
1493 3699 1681 3782 corruptis
1711 3699 1810 3766 iudi-

329 3833 451 3916 cibus,
479 3834 610 3915 aperte
646 3833 812 3897 testatur
850 3827 982 3894 Cicero
1013 3827 1074 3914 });
1105 3828 1265 3911 scriptor
1295 3828 1397 3893 vitae
1427 3825 1562 3893 timide
1591 3826 1658 3912 ait,
1689 3826 1811 3894 fuisse

326 3963 390 4047 qui
422 3952 605 4046 dicerent,
624 3959 770 4026 iudices
799 3958 985 4041 pecuniae
1014 3951 1221 4044 largitione
1241 3941 1438 4039 corruptos
1459 3975 1551 4024 esse.
1575 3954 1809 4023 Commemo-

326 4096 386 4160 rat
414 4095 545 4159 autem
576 4091 766 4157 nonnulla
795 4092 892 4157 salse
921 4089 1036 4173 diota,
1054 4107 1152 4172 quae
1172 4086 1329 4155 Clodius
1352 4087 1483 4155 iecerit
1503 4088 1544 4152 in
1571 4085 1807 4170 Ciceronem,

328 4224 521 4306 huiusque
550 4241 743 4307 responsa3
774 4240 850 4287 non
882 4225 1011 4287 tamen
1042 4219 1185 4304 omnia,
1202 4239 1299 4302 quae
1329 4224 1421 4286 sunt
1449 4221 1489 4286 in
1519 4219 1631 4302 epist.
1653 4217 1699 4284 ad
1721 4217 1808 4284 Att.

326 4351 359 4435 Ι,
392 4350 453 4432 ]6;
484 4367 610 4433 neque
639 4349 764 4434 docet,
794 4348 1085 4416 altercationem
1114 4347 1220 4413 illam
1252 4346 1390 4414 factam
1422 4365 1504 4413 esse
1534 4346 1573 4411 in
1604 4349 1755 4412 senatu.

435 4477 530 4545 Cum
576 4476 709 4544 multis
750 4477 844 4543 locis
883 4474 1014 4543 Cicero
1043 4475 1201 4558 exponit
1230 4493 1275 4542 ea
1303 4493 1402 4557 quae
1430 4473 1477 4542 ad
1508 4493 1620 4540 suurn
1649 4473 1806 4540 exilium

328 4607 538 4691 pertinent,
559 4611 642 4675 tum
674 4605 838 4672 maxime
868 4605 906 4670 in
938 4605 1110 4671 oratione
1140 4625 1207 4688 pro
1236 4605 1278 4673 P.
1301 4605 1438 4689 Sesti03
1470 4625 1581 4688 quam
1614 4605 1677 4688 qui
1709 4605 1809 4691 lege-

327 4736 380 4803 rit
408 4754 467 4804 res
495 4737 649 4804 illorum
679 4739 896 4819 temporum
926 4734 1035 4817 quasi
1064 4735 1206 4802 effictas
1239 4735 1286 4801 ob
1306 4736 1436 4804 oculos
1455 4733 1626 4800 habebit.
1646 4732 1702 4800 At
1722 4733 1810 4801 Plu-

411 5007 440 5080 i)
465 5005 517 5064 Ad
539 5008 604 5064 Ati.
628 5006 650 5076 l,
674 5007 720 5066 16.
746 5005 869 5074 Seneca,
891 5004 989 5080 Epist.
1015 5005 1063 5075 97,
1085 5005 1207 5080 elegans
1229 5002 1389 5062 dicterium
1413 5002 1541 5079 profert,
1555 5020 1614 5080 quc
1636 5002 1672 5073 Q.
1686 5001 1808 5062 Catulus

330 5131 443 5190 iudices
467 5137 624 5208 corruptos
647 5129 883 5206 reprehenderit.
