4146 5958
525 430 574 500 D’
592 429 776 500 Annoaro
790 467 843 484 --
858 430 1075 520 Qurrnnus
1103 431 1371 502 Pturneorrus
1399 445 1483 500 nne.
1631 431 1678 498 19

262 628 515 716 mentionem,
545 627 693 714 aliquid
723 627 839 698 habet
866 626 1145 696 admirationis.
1177 625 1271 714 Quis
1297 645 1382 695 eam
1412 645 1491 695 rem
1526 623 1664 693 melius
1682 644 1746 712 po·

260 757 340 825 tuit
371 758 628 846 cognoscerel
656 758 742 844 quis
770 757 958 826 libentius
977 755 1156 824 traderel

368 887 445 956 'Res
474 905 497 953 a
526 885 660 954 Olodio
689 887 831 954 Romae
851 887 978 973 gestas
998 903 1100 952 anno
1121 886 1211 971 695,
1231 889 1425 970 questam
1445 884 1530 952 fuse
1550 884 1747 954 distincte·

265 1033 340 1098 que
368 1016 504 1083 multis
532 1016 626 1082 locis
656 1014 787 1083 Oicero
816 1016 1088 1100 persequitur,
1119 1017 1164 1082 ut
1192 1014 1291 1082 nihil
1324 1016 1491 1100 amplius
1529 1015 1751 1104 desideres,

261 1142 415 1210 easdem
444 1139 675 1210 Plutarchus
702 1142 860 1210 confuse
888 1147 929 1209 et
957 1143 1144 1226 permixte
1174 1140 1344 1229 exponit,
1362 1162 1487 1227 neque
1506 1143 1624 1212 habet
1641 1145 1745 1230 quic-

259 1293 372 1358 quam
396 1273 498 1358 quod
517 1294 539 1341 e
558 1273 750 1341 Tullianis
779 1274 932 1358 scriptis
960 1273 1119 1340 ductum
1140 1291 1222 1340 esse
1242 1272 1431 1341 videatur.
1452 1273 1534 1356 Ait,
1553 1272 1766 1361 Clodium„

257 1399 416 1472 aedibus
445 1405 625 1486 villisque
655 1401 848 1470 Oiceronis
878 1402 1066 1486 incensis,
1096 1403 1255 1484 reliquis
1284 1402 1395 1469 bonis
1424 1401 1495 1470 sub
1524 1399 1635 1470 hasta
1654 1423 1743 1471 ven-

260 1533 366 1617 ditis,
397 1533 555 1620 aggredi
584 1533 753 1618 coepisse
783 1531 852 1599 On.
882 1533 1108 1615 Pompeium
1140 1532 1189 1617 l),
1209 1531 1400 1598 nonnulla
1428 1531 1475 1596 ab
1504 1551 1548 1598 eo
1577 1532 1615 1598 in
1644 1531 1745 1600 bello

257 1665 365 1750 gesta
383 1663 635 1749 laceravisse3
657 1681 773 1747 quare
792 1663 902 1728 illum
926 1661 1177 1745 poenituisse,
1209 1661 1312 1744 quod
1346 1661 1569 1730 Ciceronem
1599 1662 1639 1729 in
1666 1665 1745 1731 exi·

257 1788 351 1853 lium
381 1788 466 1855 eiioi
498 1808 632 1872 passus
660 1794 784 1875 esset,
815 1809 940 1872 neque
969 1793 1099 1856 tamen
1128 1787 1293 1874 definit,
1323 1791 1463 1878 quibus
1493 1789 1651 1860 Olodius
1675 1794 1744 1860 eri-

263 1916 541 1987 minationibus
571 1939 662 1988 usus
692 1922 753 1989 sit.
776 1920 846 1988 On.
866 1920 1090 2004 Pompeium
1113 1923 1256 2004 autem,
1277 1920 1484 1988 amicorum
1506 1940 1620 2005 opera
1639 1923 1745 1992 adiu-

260 2052 358 2132 tum,
390 2047 585 2116 ciceronis
613 2048 779 2117 reditum
813 2047 1071 2116 machinatum
1102 2067 1198 2132 esse,
1227 2048 1292 2114 sed
1322 2048 1500 2116 Clodium
1543 2053 1742 2124 tribunum

257 2195 324 2260 pro
354 2197 424 2246 suo
453 2180 535 2246 inre
565 2179 851 2263 intercessisse;
881 2182 961 2244 tum
994 2177 1111 2243 etiam
1142 2181 1300 2242 senatus
1342 2179 1562 2248 consultum
1597 2181 1742 2250 factum

256 2327 363 2395 esse,
395 2330 442 2377 ne
472 2311 518 2378 de
547 2331 623 2394 qua
650 2329 690 2376 re
719 2314 926 2395 ageretur,
949 2277 1031 2376 'nisi
1064 2309 1169 2392 prius
1198 2309 1375 2375 consules
1404 2309 1450 2376 de
1478 2314 1591 2380 exule
1635 2314 1745 2381 redu-

255 2441 375 2507 cendo
404 2441 640 2510 retulissent.
670 2441 772 2528 Quid
802 2459 890 2507 vero
919 2439 1130 2506 ‹lecreverit
1159 2438 1339 2522 frequens
1369 2443 1526 2506 senatus
1550 2441 1741 2514 Kalendis

171 2583 174 2589 '
256 2571 411 2659 Iuniis,
440 2571 629 2638 referente
658 2573 700 2640 L.
731 2571 906 2655 Ninnio,
936 2570 1093 2637 tribuno
1124 2568 1259 2654 plebis,
1299 2571 1588 2658 praetermittit,
1617 2591 1743 2658 neque

255 2699 413 2769 verbum
444 2701 553 2770 addit
581 2701 628 2769 de
658 2701 702 2788 Q.
733 2701 928 2770 Ciceronis
958 2699 1113 2779 reditu,
1143 2699 1205 2764 cui
1236 2698 1283 2765 ad
1314 2699 1446 2766 urbem
1467 2720 1513 2767 ex
1542 2703 1745 2786 provincia

257 2830 429 2899 venienti
458 2835 540 2899 tota
569 2832 706 2900 civitas
735 2831 848 2898 obvia
877 2849 964 2896 oum
993 2830 1163 2896 lacrimis
1192 2831 1417 2916 gemituque
1448 2834 1632 2914 processit
1662 2833 1744 2926 (pro

255 2963 392 3052 Sestio,
421 2966 441 3049 t
471 2963 547 3052 68).
579 2930 654 3031 Sed
696 2960 844 3047 aliquid
882 2965 966 3048 est,
997 2960 1059 3028 cui
1088 2981 1294 3046 parumper
1327 2963 1497 3029 animum
1542 2965 1744 3035 intendere

256 3097 419 3178 oportet.
451 3091 548 3162 Oum
578 3095 710 3160 narret
738 3109 907 3178 pugnam
938 3090 978 3155 in
1010 3089 1090 3156 foro
1118 3091 1358 3158 commissam
1394 3090 1497 3159 inter
1539 3091 1745 3164 Clodianos

255 3227 295 3289 et
322 3222 493 3291 fautores
523 3222 731 3306 ciceronis,
761 3239 853 3288 sane
883 3219 1051 3286 breviter
1078 3224 1194 3304 atque
1221 3219 1366 3307 ieiune,
1387 3221 1443 3288 ita
1471 3227 1517 3289 ut
1544 3243 1658 3293 nemo
1682 3247 1740 3296 su·

252 3351 391 3435 spicari
423 3354 551 3436 queat,
579 3349 840 3416 narrationem
871 3351 1063 3430 sumptam
1094 3365 1176 3414 esse
1205 3349 1443 3416 exoratione
1464 3350 1654 3440 Sestiana,
1674 3357 1740 3425 ubi

254 3483 334 3547 tam
369 3479 493 3546 multa
523 3477 710 3564 videmus,
740 3483 832 3544 sunt
869 3477 988 3546 haec:
1017 3485 1070 3563 τῆς
1086 3477 1221 3556 στάσεως
1243 3478 1348 3566 πρόσω
1363 3478 1550 3568 βαδιζούσης,
1574 3483 1653 3549 ὥστε
1669 3507 1741 3573 τρο»
1851 3545 1854 3552 ,

254 3602 346 3687 θῆναι
369 3603 423 3687 μὲν
447 3600 479 3666 ἐν
502 3601 601 3686 ἀγορᾷ
623 3597 807 3686 δημάρχους,
832 3595 962 3664 Κόϊντεν
985 3597 1019 3661 δὲ
1042 3599 1093 3664 τὸν
1115 3596 1288 3686 Κικέρωνος
1321 3601 1452 3686 ἀδελφὸν
1474 3601 1507 3670 ἐν
1530 3613 1590 3682 τοῖς
1612 3617 1738 3695 νεκροῖς,

251 3721 292 3800 ὡς
314 3719 488 3808 τεθνηκότα
505 3720 648 3808 ’κείμενον
670 3717 828 3784 διαλαθεῖν
850 3717 920 3789 κτλ.
951 3717 1057 3804 Quae
1085 3737 1171 3786 oum
1202 3719 1396 3804 scripserit
1423 3724 1667 3814 Plutarchus,
1687 3729 1740 3796 vi·

252 3841 369 3918 wdetur
399 3845 535 3916 Oarolo
566 3845 730 3915 Graueio
761 3845 810 3933 2),
840 3846 1013 3915 acerrimi
1045 3848 1194 3936 ingenii
1225 3850 1319 3935 viro,
1349 3850 1397 3917 ob
1417 3853 1547 3920 oculos
1566 3854 1746 3926 habuisse

254 3977 349 4045 liaeo
380 3978 497 4045 verba
525 3977 711 4044 orationis
740 3995 809 4062 pro
836 3977 989 4046 Sestio:
1025 4005 1039 4040 ο
1073 3977 1209 4064 pulsus
1251 3999 1271 4046 e
1314 3981 1473 4068 nostrie,
1518 3984 1557 4050 in
1588 3986 1745 4056 comitio

253 4103 389 4192 iacuit,
420 4125 537 4190 seque
566 4125 759 4174 servorum
790 4110 830 4173 et
859 4105 1082 4174 libertorum
1114 4107 1335 4193 corporibus
1363 4111 1512 4179 obtexit
1547 4114 1745 4200 vitamque

254 4237 335 4300 tum
367 4253 477 4302 suam
509 4234 634 4302 noctis
663 4238 703 4301 et
731 4234 846 4322 fugae
874 4233 1122 4319 praesidio..
1144 4285 1153 4304 .
1174 4235 1349 4304 defendit
1374 4260 1406 4324 »ς
1428 4258 1570 4308 errasse
1599 4246 1743 4334 tamen,

251 4378 337 4428 cnm
361 4362 592 4429 vocabulum
612 4362 813 4446 corporibus
832 4372 949 4447 νεκροῖς
969 4362 1247 4446 interpretatus
1266 4365 1329 4432 sit.
1351 4365 1426 4432 Sed
1445 4387 1521 4434 non
1543 4374 1603 4436 est
1621 4371 1747 4454 explo

252 4487 504 4573 ratissimum,
533 4489 657 4555 locum
691 4489 888 4574 scriptoris
914 4490 1051 4557 Graeci
1080 4509 1126 4557 ex
1157 4491 1330 4560 oratioue
1345 4493 1532 4578 ¹Sestiana
1557 4517 1743 4572 manasse.

335 4785 365 4861 1)
390 4783 452 4845 Pro
473 4785 598 4859 Milone,
615 4785 634 4860 ἓ
651 4787 697 4846 18:
715 4785 953 4863 ‹Deprehensus
968 4795 1013 4848 est
1029 4789 1059 4848 in
1076 4790 1341 4867 temploflastoris
1356 4811 1464 4854 servus
1480 4793 1514 4855 P.
1530 4797 1639 4870 Clodii,
1654 4816 1743 4874 quem

257 4903 310 4964 ille
333 4907 370 4964 ad
394 4908 447 4968 Cn.
464 4907 649 4984 Pompeium
674 4909 917 4970 interficiendum
941 4911 1117 4985 collocarat
1140 4919 1259 4973 extorta
1281 4921 1325 4974 est
1347 4915 1582 4978 confitentisier
1596 4918 1632 4979 de
1646 4923 1746 4982 inania

188 5011 191 5020 “
252 5025 349 5089 tls».
373 5027 436 5092 cc.
453 5047 514 5107 pra
526 5033 633 5092 saus
655 5031 695 5106 §s
715 5031 756 5092 oe
776 5038 807 5090 a
825 5034 875 5092 83.

334 5154 369 5235 2)
390 5155 427 5218 V.
449 5156 625 5236 Plutarque,
655 5160 709 5219 Vz'c
729 5159 765 5219 de
790 5160 918 5221 Cr'cdroa
935 5165 996 5222 etc.
1017 5175 1075 5238 par
1095 5161 1128 5222 (l.
1150 5163 1265 5242 Graan
1289 5162 1325 5230 ad
1349 5181 1416 5244 cap.
1436 5165 1486 5230 33.
