4146 5958
411 415 460 483 26
604 414 653 484 D’
670 413 1139 500 Aeneam—Quaenam
1167 415 1435 482 Pnurnaonus
1464 429 1548 482 nro.

337 604 537 690 Marcium,
557 605 598 670 iu
618 605 827 690 Nunnium,
848 605 888 670 in
909 603 1136 689 Labienum,
1156 623 1248 672 serre
1268 605 1461 673 acerbiora
1486 624 1531 672 ae
1554 603 1820 689 petulantiora

337 753 452 820 quam
473 734 598 802 virum
619 735 858 802 consularem
879 732 1078 820 decebant3
1099 735 1290 801 nonnulla
1314 735 1407 802 satis
1426 733 1594 802 inficeta:
1625 752 1724 817 quae
1744 753 1824 802 om-

338 862 404 929 nia
432 861 549 928 dueta
577 881 658 930 esse
687 861 918 929 arbitramur
946 881 991 930 ex
1018 862 1140 948 libris,
1162 882 1257 946 quos
1285 881 1401 946 supra
1426 859 1821 946 commemoravimus,

337 989 384 1056 de
413 989 506 1058 iocis
535 987 740 1058 ciceronis.
780 991 849 1058 list
877 993 1006 1058 autem
1037 991 1255 1075 probabile,
1286 991 1410 1057 multa
1438 990 1478 1056 in
1509 990 1596 1055 illos
1624 989 1744 1056 libros
1774 989 1820 1054 ir-

336 1121 499 1205 repsisse
540 1138 690 1186 summc
731 1120 869 1186 oratori
918 1120 1015 1188 falso
1057 1120 1256 1188 attributa.
1306 1121 1514 1203 Nunquam
1562 1120 1615 1186 Μ.
1665 1119 1820 1186 Pullius

333 1246 486 1331 scripsit
514 1246 652 1334 (neque
680 1249 774 1332 erat,
804 1265 871 1313 eur
898 1252 1046 1314 tantam
1077 1267 1154 1314 rem
1186 1247 1328 1314 celaret
1356 1247 1547 1330 Atticum,
1577 1245 1639 1312 cui
1674 1243 1824 1327 aperie.

335 1374 402 1442 bat
430 1373 603 1460 omnia),
642 1393 682 1441 se
717 1375 921 1458 imperium
962 1376 1051 1442 belli
1092 1374 1354 1459 detrectasse,
1393 1373 1496 1458 quod
1528 1353 1621 1457 post
1648 1388 1819 1458 pugnam

334 1504 592 1572 Pharsalicam
621 1505 695 1572 sibi
716 1504 887 1574 delatum
916 1509 1016 1573 esset
1035 1510 1190 1574 auctore
1215 1504 1373 1589 Oatone,
1402 1503 1450 1569 ob
1479 1520 1644 1586 eamque
1665 1520 1818 1568 cansam

334 1634 493 1718 paulum
522 1632 702 1718 abfuisse,
732 1634 826 1718 quin
857 1635 1080 1718 aPompeie
1110 1635 1191 1701 filio
1219 1634 1429 1716 amicisque
1457 1632 1554 1717 eius,
1584 1630 1817 1716 proditionis

335 1764 546 1850 incusatus,
577 1761 843 1832 trucidaretur.
872 1764 1006 1848 Neque
1035 1783 1123 1831 vero
1143 1764 1342 1850 intellege,
1364 1765 1439 1845 q'uo
1468 1763 1580 1845 pacto
1610 1759 1817 1844 imperium

335 1891 459 1960 offerri
492 1891 661 1976 potuerit
690 1890 877 1978 eicerent,
909 1880 997 1959 vivo
1025 1893 1151 1960 adbuc
1171 1891 1240 1960 On.
1261 1893 1456 1978 Pompeio,
1484 1891 1531 1959 de
1561 1910 1636 1975 quo
1667 1890 1706 1956 16
1737 1889 1823 1957 dies

335 2021 466 2088 nuntii
483 2019 810 2106 exspectabantur·
821 2020 868 2108 1).
881 2022 1104 2088 Tenendum
1123 2027 1193 2107 est,
1211 2024 1397 2106 proelium
1414 2021 1463 2090 ad
1478 2022 1703 2091 Pharsalum
1720 2039 1817 2088 com-

337 2151 494 2219 missum
516 2171 598 2220 esse
614 2171 647 2220 a.
659 2150 695 2219 d.
706 2153 753 2220 V.
769 2150 829 2218 Id.
841 2151 958 2236 Sext,
974 2152 1200 2236 Pompeium
1219 2152 1439 2238 iugulatum
1456 2151 1497 2219 in
1514 2152 1694 2238 Aegypto
1710 2151 1816 2219 iussu

334 2279 546 2349 Ptolemaei
566 2282 667 2370 regis
686 2281 748 2348 III
767 2282 855 2350 Kal.
877 2279 1028 2350 Octobr.
1050 2281 1193 2366 Oieero,
1214 2285 1416 2366 postquam
1439 2300 1461 2348 a
1481 2280 1654 2348 Labieno
1682 2280 1820 2346 certior

333 2409 458 2478 faetus
486 2414 546 2478 est
581 2409 701 2478 cladis
735 2413 934 2494 acceptae,
971 2410 1227 2498 Dyrrhachii,
1257 2430 1333 2495 qua
1368 2411 1406 2477 in
1448 2411 1540 2477 urbe
1575 2409 1817 2493 morabatur,

333 2537 439 2606 haud
476 2541 600 2606 multo
638 2539 787 2608 diutius
820 2540 989 2626 mansit,
1025 2543 1141 2623 atque
1180 2540 1441 2606 Brundusium
1482 2538 1709 2623 coutendit;
1741 2557 1817 2621 quo

333 2684 464 2732 mense
493 2664 646 2734 Octobri
671 2667 823 2734 videtur
850 2668 1083 2751 pervenisse.
1113 2668 1189 2734 Vix
1217 2667 1338 2754 igitur
1357 2666 1598 2751 crediderim,
1630 2665 1815 2732 nuntium

333 2794 381 2861 de
408 2796 583 2879 Pompeii
622 2815 714 2864 nece
743 2795 1025 2883 Dyrrhachium
1054 2779 1214 2864 allatum
1254 2815 1335 2862 esse
1364 2800 1572 2880 autequam
1607 2793 1743 2863 (licere
1773 2783 1818 2861 eu

340 2921 411 2991 hac
440 2924 533 2992 urbe
562 2925 876 3009 proficisceretur.
907 2924 1118 2992 Brundusii
1148 2928 1277 3004 autem
1307 2924 1572 2991 considentem
1606 2943 1674 3007 per
1702 2922 1818 2990 unde-

340 3053 412 3120 cim
445 3052 524 3121 fere
552 3072 703 3121 menses
723 3057 890 3138 quantae
911 3051 1193 3121 sollicitudines
1213 3055 1489 3137 molestiaeque
1510 3039 1597 3120 eum
1621 3056 1816 3138 vexarent,

281 3185 283 3190 '
336 3183 527 3268 epistulae
556 3182 761 3249 memoriae
790 3180 1054 3267 prodiderunt.
1085 3161 1338 3269 Quapropter,
1368 3183 1399 3249 si
1430 3183 1501 3249 hoc
1530 3187 1683 3265 tempus
1714 3181 1818 3248 vitae

336 3309 531 3378 Ciceronis
568 3311 667 3378 61666
705 3311 801 3395 pede
830 3309 971 3377 transit
999 3309 1161 3392 scriptor
1191 3311 1383 3396 Graecus,
1414 3310 1669 3377 certissimum
1709 3328 1818 3396 argu-

335 3447 510 3510 mentum
548 3447 633 3530 ost,
672 3462 759 3510 erim
795 3442 982 3526 epistulas
1020 3440 1240 3508 Brundusio
1276 3442 1409 3509 missas
1446 3461 1655 3524 numquam
1695 3441 1819 3525 iuspe-

333 3572 447 3641 xisse.

440 3703 684 3773 Ocllooutum
711 3721 795 3775 vesse
825 3703 997 3770 Tulliam
1026 3722 1113 3768 cum
1144 3700 1304 3770 Caesare
1333 3724 1378 3770 ex
1407 3703 1584 3790 Aegypto
1613 3701 1813 3788 redeunte,

333 3833 516 3917 scriptum
549 3836 701 3900 tantum
731 3832 908 3899 videmus
937 3826 1038 3914 apud
1068 3831 1345 3916 Plutarchum,
1389 3833 1455 3915 qui
1487 3830 1607 3897 adicit
1625 3830 1815 3914 ‚dedisse

336 3958 534 4027 Gaesarem
572 3961 631 4027 illi
661 3960 732 4026 boc
751 3961 905 4048 siguum
936 3958 1249 4046 benevolentiae,
1279 3959 1382 4042 quod
1411 3958 1646 4042 respondens
1676 3957 1816 4024 Doudo-

335 4091 422 4156 tiom'
453 4065 611 4173 Catonis,
639 4110 752 4175 qnam
784 4089 914 4157 Oicero
943 4089 1232 4173 conscripserat,
1264 4091 1384 4156 vitam
1419 4089 1710 4171 orationemque
1740 4107 1814 4154 ma-

334 4217 401 4303 gni
422 4217 618 4302 scriptoris
638 4217 743 4306 (λόγον
765 4220 818 4282 καὶ
832 4215 906 4304 βίον)
935 4214 1153 4283 laudaverit
1180 4217 1423 4301 similemque
1443 4216 1722 4300 praedicaverit
1749 4217 1816 4282 Pe·

331 4343 415 4410 ricli
445 4347 485 4412 et
513 4345 753 4414 Γ1116666661.
784 4343 893 4431 Quid«
916 4342 1089 4411 ciceroni
1124 4364 1210 4413 cum
1240 4345 1300 4412 his
1329 4364 1531 4412 commuue
1559 4344 1704 4428 suerit,
1735 4363 1812 4410 666

413 4641 443 4714 1)
467 4639 544 4697 Rem
567 4643 646 4696 tacet
668 4635 725 4698 Dio
746 4637 867 4697 Cassius
900 4640 1008 4716 (XLII,
1031 4637 1103 4717 10);
1124 4644 1211 4709 tacet,
1234 4637 1312 4713 quod
1337 4636 1434 4696 maius
1463 4642 1518 4709 est,
1540 4639 1633 4698 etiam
1656 4641 1813 4716 Appianas

333 4765 379 4839 (B.
395 4763 425 4820 C.
445 4762 481 4829 ll,
500 4761 562 4833 82i,
578 4761 626 4836 qui
653 4777 784 4836 pugnam
806 4763 1016 4823 Pharsalicam
1040 4752 1135 4822 fusius
1157 4763 1385 4838 accuratiusque
1408 4768 1579 4837 persecutus
1594 4769 1648 4836 est,
1665 4765 1811 4826 Asiniana

334 4886 523 4953 referebant
539 4884 668 4943 videtur.
691 4885 749 4944 Hic
771 4863 870 4946 autem
894 4886 996 4959 tradit,
1009 4904 1066 4946 uon
1083 4887 1266 4964 Dyrrhachii
1291 4887 1340 4945 vel
1362 4886 1517 4964 Corcyrae
1537 4891 1638 4946 actum
1662 4891 1817 4965 esse,quls

330 5009 473 5099 reliquiis
507 5008 696 5086 pompeianis
718 5027 857 5086 praeesse
878 5010 1009 5083 deberet,
1031 5011 1082 5070 sed
1106 5011 1136 5070 iu
1159 5011 1275 5083 Africa,
1297 5012 1398 5089 ibique
1422 5011 1585 5086 imperium
1608 5013 1641 5074 1..
1664 5013 1813 5089 Scipioni,

330 5140 399 5200 viro
423 5135 589 5211 consulari,
612 5136 754 5200 delatum.
