4146 5958
374 359 433 426 20
561 355 1110 444 D’Annouroa-Qunrnuus
1138 359 1406 429 Pnuruucnus
1434 373 1518 426 ure.
1616 429 1619 434 ,

298 551 415 620 ·Nam
445 571 566 622 unum
593 556 656 620 est
682 552 839 620 verbum
871 553 1083 639 corporibus,
1113 551 1216 636 qnod
1243 552 1411 636 aliquam
1443 551 1711 650 cognationem
1734 549 1799 618 ha-

317 680 407 749 beat
434 703 520 750 cnm
550 683 736 753 vocabulo
763 695 889 771 νεκροῖς
917 685 1067 768 reliqua
1095 702 1172 750 nou
1212 684 1326 767 plane
1368 682 1602 766 conspirant.
1647 681 1796 748 Plutar-

294 809 441 897 -chns,
470 812 501 878 si
531 812 723 881 hausisset
749 832 771 882 e
800 813 976 882 Sestiana
997 861 1005 897 ,
1024 831 1104 882 non
1134 812 1347 900 tacuisset,
1377 809 1524 895 opinor,
1556 807 1744 894 Quintum
1775 827 1796 874 e

299 941 447 1008 ‚rostris
485 944 640 1026 pulsum
679 963 787 1030 esse;
816 962 941 1028 neque
971 941 1109 1034 addere
1138 940 1355 1026 omisisset,
1386 937 1571 1005 cadavera
1600 955 1792 1008 servorum

296 1070 617 1158 -libertorumque
645 1076 775 1145 fnisse.
807 1075 908 1162 Quid
937 1093 1025 1141 vero
1054 1092 1121 1157 pro
1150 1076 1255 1139 certo
1274 1070 1570 1154 confirmaverit,
1597 1088 1794 1155 perperam

298 1198 563 1269 Plutarchum
593 1223 723 1271 vocem
754 1204 954 1289 corporibus
981 1200 1248 1290 intellexisset
1275 1200 1355 1268 Nisi
1380 1200 1524 1284 ¹fallor,
1545 1220 1637 1266 uon·
1662 1198 1793 1273 eadem

313 1329 452 1414 volunt
480 1332 557 1402 duo
586 1334 814 1418 scriptores:
845 1333 911 1401 sed
940 1333 1093 1418 (licere,
1124 1331 1313 1418 Quintum
1343 1331 1677 1412 fratrem‘tectum
1713 1348 1794 1396 esse

302 1462 335 1524 a
362 1459 482 1528 servis
510 1462 748 1549 libertisque,
770 1462 837 1546 qui
866 1462 946 1529 suis
975 1460 1195 1546 corporibus
1215 1461 1248 1528 ei
1270 1459 1462 1544 praesidio
1481 1459 1791 1556 essentpPlntar-

312 1587 431 1673 chus,
463 1588 650 1674 Quintum
681 1593 925 1659 vulneratum
956 1590 996 1656 in
1027 1593 1166 1657 terram
1196 1587 1409 1688 cecidisse,
1435 1589 1530 1668 alios
1559 1605 1788 1671 supereum

311 1717 529 1794 sauciosct
558 1723 727 1788 mortuos
757 1691 967 1803 corruisse}
998 1718 1246 1808 eum-idcirco
1276 1721 1435 1786 mortem
1467 1716 1666 1804 effugisse,
1692 1714 1793 1798 quod

311 1865 425 1914 nemo
454 1849 584 1915 vivum
616 1850 1002 1934 essesnspicaretnr.
1036 1849 1196 1931 Verum,
1240 1866 1315 1912 non
1359 1844 1697 1914 esseadhibitam
1727 1844 1787 1910 Se·

299 1973 493 2061 stianam,
525 1977 583 2042 vel
614 1995 635 2043 e
663 1951 996 2061 racione'uquet,
1025 1991 1187 2058 quares
1215 1978 1346 2060 gestae
1375 1992 1478 2040 anno
1508 1971 1582 2039 697
1613 1990 1656 2062 ac
1680 1967 1788 2052 ¹Oios-

308 2101 412 2168 ronis
440 2101 587 2170 reditus
615 2108 873 2187 exponuntur.
912 2103 1108 2174 Laudatur
1143 2101 1246 2167 enim
1276 2101 1396 2185 Milo,
1426 2098 1489 2186 qni
1522 2099 1679 2182 primus.
1707 2097 1789 2165 (llo-

307 2229 370 2297 dio
398 2231 475 2298 vim
507 2232 646 2299 inferre
675 2233 853 2317 diemque
882 2233 1006 2304 dicere
1034 2251 1151 2302 ausim
1179 2231 1255 2316 sit;
1285 2232 1327 2297 P.
1356 2229 1517 2314 Sestius,
1538 2248 1583 2296 ex
1616 2246 1692 2312 quo
1722 2247 1785 2294 uo·

307 2377 394 2432 rnen
423 2361 565 2446 accipit
593 2361 727 2446 oratic,
757 2381 964 2445 numquam
996 2364 1324 2444 commemoratur,
1354 2377 1586 2444 quarnqnanr
1617 2380 1694 2426 non
1721 2360 1788 2426 mi·

305 2505 519 2574 nusquam
549 2491 645 2558 Milo
674 2491 777 2558 exuli
806 2491 915 2559 favit.
936 2494 993 2560 Ac
1012 2491 1165 2570 decreta
1184 2490 1230 2574 de
1249 2488 1377 2556 reditu
1407 2487 1601 2556 Ciceronis
1623 2493 1784 2586 ,tantum

302 2620 516 2705 generatim
545 2620 759 2704 leviterque
787 2620 1080 2706 significantur;
1110 2618 1251 2684 frustra
1279 2635 1439 2702 quaeras
1467 2616 1623 2702 singula
1650 2621 1690 2682 et
1709 2636 1785 2701 quo

302 2747 480 2830 qnodque
518 2747 652 2816 ordine
679 2739 831 2848 ¹iactum
870 2749 933 2818 sit.
964 2748 1039 2817 Ubi
1071 2750 1199 2814 erstem
1235 2746 1353 2832 legit,
1382 2745 1635 2832 Pompeium,
1674 2748 1785 2830 pulso

286 2874 449 2958 :Olodiq
471 2877 510 2943 in
541 2876 662 2943 formu
695 2895 949 2964 progressum,
971 2877 1017 2943 ad
1048 2875 1231 2962 suffragia
1248 2875 1361 2964 vcircs
1395 2873 1616 2972 vocavisset
1638 2874 1673 2980 l)
1697 2876 1786 2956 Plu-

301 3006 455 3072 tarclrns
497 3009 728 3090 auctorest,
768 3004 990 3075 Oiceronem
1033 3004 1176 3073 redisse
1210 3003 1358 3074 decimo
1387 3010 1493 3074 sexto
1523 2981 1653 3072 mense
1683 3008 1784 3090 post-

293 3152 411 3222 quam
443 3134 636 3218 profectus
664 3139 767 3220 erat,
784 3147 869 3202 curn
899 3115 1061 3218 constet,
1091 3138 1177 3218 post
1205 3139 1356 3200 exactos
1384 3132 1656 3216 septemdecim
1678 3151 1781 3199 men-

294 3282 357 3332 ses
379 3239 552 3363 ,Romam
583 3265 735 3337 venisse
764 3263 813 3351 2).
843 3265 889 3332 Ili
919 3264 1127 3334 reuertenti
1158 3264 1210 3332 M.
1241 3262 1417 3354 Crassum
1454 3262 1606 3329 obviarn
1637 3263 1780 3358 luisse.

290 3411 509 3490 numqua-m
538 3394 579 3461 in
610 3392 805 3461 Cicerone·
824 3393 980 3460 memini
1002 3411 1071 3473 xme
1099 3394 1238 3480 legere:
1268 3410 1366 3476 qnae
1395 3409 1453 3456 res
1473 3397 1555 3488 erat
1575 3367 1776 3477 eiusmodi,

293 3525 478 3594 utnulla
506 3525 583 3594 alia
606 3535 774 3609 'magnus
802 3524 890 3590 exul
911 3522 1097 3591 libentius
1125 3522 1313 3609 gloriatus
1341 3527 1453 3590 esset.
1474 3523 1527 3589 At
1546 3522 1651 3588 enim
1680 3541 1777 3606 quae

291 3652 409 3736 uerba
438 3653 576 3720 tribuit
605 3653 796 3738 Ciceroni,
816 3656 906 3720 αὐτὸν
930 3654 980 3719 ἐπὶ
1006 3661 1065 3719 τῶν
1087 3652 1177 3738 ripum
1200 3656 1253 3740 τὴν
1270 3652 1402 3720 Ἰταλίαν
1425 3654 1475 3730 εἰς
1490 3655 1545 3738 τὴν
1568 3619 1779 3750 'i’tirpqrsioe-

292 3787 423 3862 νεγκεῑψ,Ι
454 3779 591 3848 'eadem
622 3781 844 3849 invenimus
873 3781 912 3847 in
943 3779 1115 3846 oratione
1149 3782 1240 3862 post
1260 3777 1430 3850 reditum
1451 3779 1500 3844 'in
1521 3782 1674 3848 senatur
1701 3797 1778 3846 cunc

285 3915 350 3970 fruc
371 3906 487 3972 Italic
514 3917 639 3992 cuncto
665 3930 771 3994 poeno
798 3911 872 3975 cuis
891 3909 1055 3976 'locuturi-s
1086 3909 1287 3992 reportarit.
1317 3907 1438 3974 lbrant
1467 3908 1595 3992 verba,
1625 3912 1670 3975 ut
1698 3910 1776 3994 opi-

287 4052 374 4119 nor,
394 4035 432 4100 in
463 4055 638 4104 sermone
667 4039 844 4117 omniurn¹
870 4036 1000 4109 crebro
1025 4039 1220 4119 usurpata:
1241 4039 1424 4119 repetunt
1448 4041 1676 4120 personatus
1696 4038 1775 4111 Sal·

284 4161 432 4239 lustius
462 4164 500 4230 in
533 4165 752 4234 Oicerouern
784 4170 824 4234 et
852 4165 1082 4248 Marcelline,
1113 4165 1268 4236 Saturn.
1298 4165 1350 4252 II,
1382 4168 1417 4234 3.
1447 4165 1613 4234 'babillas
1642 4169 1773 4255 legum

281 4287 526 4382 bruciorum,
556 4295 723 4377 quaein
754 4293 947 4379 Capitolio
976 4292 1306 4382 custodiebantur,
1336 4314 1376 4362 se
1405 4295 1627 4364 deturbasse
1656 4301 1773 4381 atque

285 4415 547 4514 dissipavisse,
564 4444 789 4512 numquam,
806 4423 909 4509 quod
927 4422 1179 4510 meminerim,
1195 4423 1340 4492 fatetur
1359 4423 1502 4512 Oicer03
1520 4445 1597 4510 qna
1614 4446 1655 4494 re
1670 4426 1770 4494 nihil

287 4553 371 4616 crat
400 4553 502 4634 quod
531 4557 654 4643 magis
683 4556 767 4626 eius
795 4555 881 4622 miti
912 4553 1071 4640 ingenio
1100 4559 1346 4658 repugnaret.
1366 4556 1426 4622 De
1446 4574 1599 4648 summa
1616 4558 1772 4622 conten-

280 4880 300 4903 »
368 4847 399 4924 1)
419 4847 593 4922 Numquam¹
616 4845 671 4902 hoc
694 4845 882 4922 significavit
903 4849 1020 4910 Cicero.

364 4972 396 5046 2)
421 4973 468 5031 Ex
491 4971 563 5031 urbe
590 4970 680 5028 cessit
701 4977 839 5031 extremo
863 4989 964 5034 mense
986 4975 1099 5035 Martio
1120 4994 1152 5035 a..
1168 4977 1244 5050 6963
1266 4977 1545 5057 rediitinsequenti
1568 4997 1646 5041 anno
1669 4981 1772 5060 pridie

282 5101 359 5163 Non.
380 5099 449 5176 Sep.
471 5096 533 5158 Cfr.
551 5097 720 5172 Ferrarius,
741 5097 1051 5176 Epirotarumque,
1070 5101 1200 5178 p.·211.·
1222 5104 1232 5136 “·
1274 5101 1275 5104 ’
1357 5105 1364 5158 i
