4146 5958
511 405 559 469 D’
577 403 762 472 Annoaro
778 443 830 455 —
847 407 1064 492 anrnuus
1094 405 1362 501 Pnursaonus
1391 416 1474 488 uro.
1651 401 1672 466 3

249 577 417 665 roneam'
434 617 474 667 se
502 599 690 682 recepisse
720 597 768 684 1).
782 599 866 678 ‚Sed
894 600 1065 683 proxime
1094 597 1142 666 ad
1162 616 1293 664 verum
1315 596 1474 681 aceedit,
1496 575 1637 664 Romae
1657 597 1728 681 sals

249 733 324 796 tem
356 729 544 816 cogitasse
573 749 632 796 res
661 732 847 797 clarorum
878 730 1047 798 virorum·
1075 729 1281 796 memoriae
1301 727 1457 816 prodere
1478 731 1594 810 atque
1614 727 1730 814 scrip·

251 861 351 924 tores
380 858 555 924 evolvere
589 858 772 944 coepisse,
803 855 907 934 unde
937 877 1034 941 qnae
1063 857 1150 925 usui
1180 859 1310 924 essent
1338 860 1467 940 petere
1495 855 1652 948 liceret.
1670 855 1728 924 Ac

250 989 404 1072 primun
435 987 590 1086 quidem
620 988 879 1070 deltomanis
907 989 1115 1072 scripsisse,
1144 987 1260 1055 initio
1289 987 1405 1054 ducto
1434 987 1482 1054 ab
1511 986 1559 1054 iis
1588 988 1653 1071 qui
1684 987 1727 1056 li-

249 1119 444 1186 berae'rei
475 1119 652 1203 publicae
681 1124 850 1187 extremo
878 1124 1050 1204 tempore
1079 1119 1257 1203 fuissent,
1278 1120 1422 1201 postea,
1441 1117 1603 1184 Graecos
1628 1116 1729 1184 adie-

249 1247 345 1313 cisse
362 1267 458 1313 ¹oum
491 1248 570 1314 illis
599 1248 873 1332 comparandos
890 1271 899 1334 ;
917 1252 1046 1331 atque
1075 1266 1287 1335 regressum
1318 1266 1386 1331 per
1413 1245 1631 1334 gradus-ad
1659 1248 1729 1314 no-

254 1377 422 1448 mnium
445 1379 483 1442 et
523 1376 738 1460 Theseum,
768 1359 907 1460 nempe
940 1376 987 1443 ad
1017 1376 1210 1446 fabulosas
1240 1377 1408 1464 origines
1437 1377 1639 1460 utriusque
1668 1397 1731 1462 po·

252 1506 347 1590 puli,
379 1506 609 1589 pervenisse.
631 1507 905 1584 Demosthenis
934 1509 1061 1574 autem
1084 1509 1124 1571 et
1143 1503 1338 1571 ciceronis
1358 1505 1462 1572 vitae
1482 1524 1559 1572 non
1584 1509 1643 1572 est
1663 1504 1729 1590 du·

249 1637 354 1703 bium
379 1637 477 1720 ¹<tuin
508 1636 649 1714 librum
681 1636 861 1719 quintum
891 1635 1166 1703 constituerint
1187 1631 1410 1718 2),et,antc
1441 1634 1544 1702 huno
1575 1639 1727 1702 tantum

250 1765 351 1830 vitae
380 1764 625 1848 conscriptae¹
646 1765 730 1841 sint
755 1765 912 1831 Sertorii
941 1773 980 1831 et
1000 1765 1198 1849 Eumenis,
1219 1761 1391 1832 Oimonis
1411 1768 1450 1832 et
1469 1765 1636 1850 Luculli,
1656 1765 1725 1851 Ly·

249 1890 377 1956 sandri
406 1895 446 1957 et
475 1890 605 1958 Sullae
634 1894 679 1956 et·
702 1889 800 1957 dirae
820 1911 918 1974 quae
938 1911 1042 1958 nunc
1063 1889 1330 1957 desiderantur
1350 1891 1399 1976 3).
1420 1890 1550 1975 Atque
1570 1909 1616 1978 eo
1638 1894 1731 1978 tem7

251 2037 353 2104 pore,
375 2039 451 2102 qno
480 2019 526 2086 de
555 2019 815 2087 Demosthene
845 2039 889 2086 ac
919 2019 1101 2087 Oicerone
1130 2019 1333 2106 scribebat,
1353 2021 1429 2088 iam
1457 2020 1608 2086 litteras
1629 2018 1730 2094 Lati,

249 2169 318 2216 nas
347 2151 543 2244 attigerat,
574 2150 639 2217 sed
669 2129 725 2217 ita
753 2154 895 2236 tamen,
918 2157 961 2218 ut
989 2171 1064 2216 non
1097 2155 1174 2216 tam
1205 2169 1251 2217 ex
1280 2149 1476 2217 vocabulis
1506 2168 1564 2216 res
1593 2169 1730 2237 eogno-

225 2271 382 2363 ‘sceret,
404 2296 518 2367 qnam
548 2297 594 2345 ex
622 2278 748 2363 rehns,
769 2297 929 2361 quarum
960 2276 1241 2361 quodammodo
1270 2277 1448 2345 notiones
1477 2276 1635 2344 haberet
1655 2295 1728 2371 usn

247 2410 510 2488 comparatas,
540 2407 655 2473 verba
683 2407 766 2490 ipsa
794 2407 1007 2474 addisceret
1036 2407 1085 2494 4).
1115 2407 1218 2474 Hinc
1248 2407 1385 2492 fiebat,
1407 2409 1461 2473 'nt
1488 2403 1730 2474 faciles'brc·

242 2555 389 2620 vresque
432 2538 549 2604 libros
593 2541 766 2622 peteret,
797 2538 1012 2621 exquibus
1048 2538 1252 2612 materiam,
1278 2537 1542 2604 narrationum
1573 2555 1729 2604 suarum

248 2667 432 2752 hauriret,
450 2671 488 2734 et
517 2686 615 2750 quae
644 2672 772 2751 posset
800 2688 845 2735 ex
873 2667 983 2734 libris
1004 2669 1146 2736 Graece
1166 2666 1392 2750 conscriptis
1413 2685 1562 2755 sumere
1576 2668 1729 2755 mallet.

248 2797 336 2882 Ipse
367 2802 511 2882 antem,
532 2798 570 2862 in
603 2797 876 2864 Demosthenis
896 2799 1095 2864 historiam
1116 2799 1324 2886 ingressus,
1345 2797 1532 2881 queritur,
1550 2796 1650 2882 quod
1671 2815 1731 2864 res

254 2929 382 3012 gestas
409 2925 641 3008 perscribere
670 2925 904 3014 coactussit
932 2945 1049 3009 parva
1079 2926 1117 2990 in
1149 2925 1254 3010 urbe,
1285 2943 1383 3010 qnae
1412 2943 1499 2990 cum
1528 2922 1616 2990 aliis
1644 2921 1732 2988 snb-

254 3053 363 3119 sidiis
395 3059 476 3119 tum
506 3071 647 3139 magna
683 3054 867 3121 librorum
897 3055 1007 3138 copia
1034 3057 1179 3128 careret
1209 3053 1258 3139 5).
1289 3053 1395 3139 Quae
1424 3071 1511 3146 curn
1541 3051 1597 3140 ita
1625 3051 1731 3135 sint,

252 3181 338 3262 quis
369 3199 434 3262 pro
472 3182 575 3246 certo
604 3184 727 3266 putet,
757 3181 1007 3248 Plutarchum
1038 3199 1164 3266 opera,
1194 3199 1293 3264 qnae
1323 3179 1455 3248 Oicero
1484 3177 1730 3261 exaravisset,

250 3311 381 3376 omnia
410 3311 450 3376 in
469 3331 549 3386 ¹sua
578 3312 810 3380 bibliotheca
842 3312 1085 3381 Chaeroneae
1114 3332 1338 3398 asservasse,
1359 3317 1403 3380 nt
1429 3331 1476 3380 ea
1495 3330 1595 3394 qnae
1613 3309 1732 3377 vellet

251 3440 427 3519 evolvere
456 3442 516 3507 vel
547 3445 745 3510 consulere
774 3441 930 3526 possetl

314 3600 318 3606 ·
359 3573 480 3639 Initio
501 3575 733 3659 scriptionis,
753 3575 897 3658 deque
917 3574 1172 3659 disputamus,
1192 3573 1488 3658 explicationem
1507 3570 1732 3655 reporimus,

253 3701 464 3788 ingenuam
495 3703 600 3770 illam
631 3705 800 3789 quidem,
822 3704 869 3771 de
897 3703 1046 3789 origine
1076 3703 1317 3788 cognominis
1346 3701 1552 3770 Oiceronis.
1573 3699 1656 3766 Hoc
1676 3717 1733 3771 coe

248 3850 430 3918 gnomen,
453 3832 594 3920 inquit,
615 3834 681 3918 qrri
703 3834 849 3919 primns
870 3831 1035 3915 sumpsit
1054 3830 1145 3898 inde
1166 3830 1545 3932 accepisse‘videtur,
1565 3826 1669 3911 qnod
1690 3826 1731 3900 in
1781 3824 1784 3830 ’

332 4147 360 4222 1)
388 4146 459 4205 l'osi
491 4145 545 4205 hoo
569 4151 686 4221 tempus
710 4146 738 4204 in
761 4132 888 4205 Graecia
913 4165 1033 4223 semper
1069 4147 1216 4205 mansisse
1246 4146 1367 4205 videtur
1389 4146 1501 4205 litteris
1530 4145 1649 4206 abditus
1672 4146 1734 4224 plu·

248 4273 401 4346 rimasque
434 4271 529 4329 libros
563 4270 708 4328 historiae
736 4276 766 4328 ei
796 4271 1004 4347 philosophiae
1031 4273 1219 4348 conseripsit.
1241 4269 1303 4330 Cir.
1326 4271 1523 4343 Volkmann,
1547 4271 1645 4330 Lebea
1668 4273 1734 4330 aad

249 4397 405 4469 Schriften
427 4395 478 4454 dar
503 4396 666 4466 Plutarch,
693 4414 719 4470 p.
742 4397 780 4454 64
802 4403 831 4455 ei
854 4415 913 4472 seq.

327 4517 359 4595 2)
385 4519 544 4588 Dea-rooth,
567 4517 594 4576 3.

328 4642 360 4714 3)
382 4641 443 4699 Cir.
468 4641 635 4710 Michaelis,
662 4643 706 4701 De
727 4645 833 4702 ordiar
856 4646 989 4701 citarum
1013 4647 1246 4720 parallelorum
1272 4645 1449 4716 Plutarchi,
1474 4643 1619 4716 Berolini,
1644 4643 1734 4715 1875,

248 4786 275 4845 p.
298 4768 346 4828 20.
369 4769 469 4827 Aliter
490 4775 647 4828 censuerat
669 4770 753 4840 Lien,
780 4770 999 4830 Commentario
1021 4773 1057 4830 de
1078 4773 1185 4830 critiae
1210 4789 1269 4848 quo
1292 4774 1482 4832 Plutarch-as
1504 4775 1582 4832 nitar
1602 4733 1746 4852 scripse..
1790 4824 1793 4830 ,

250 4894 303 4965 rit,
324 4893 498 4968 Gottingae,
522 4893 609 4961 1837,
632 4911 659 4968 p.
678 4891 723 4952 15.
1292 4855 1294 4859 ι
1668 4899 1670 4903 ‘

327 5017 360 5093 l)
382 5019 535 5079 Demosth.
558 5020 586 5078 2.

330 5140 362 5222 5)
385 5141 463 5204 raa
