4146 5958
515 387 762 468 brantomo
777 439 830 450 --
846 405 1062 490 Quarnuus
1090 403 1357 473 anrnnonus
1384 422 1473 488 nro,
1635 411 1683 476 13

249 571 296 658 de
316 594 429 677 errat,
450 591 552 659 haud
574 592 702 662 dubie.
720 595 814 662 Nam
834 595 877 681 (q.
895 597 1062 665 Marcius
1082 600 1160 665 Rex
1181 618 1257 665 non
1279 603 1361 666 erat
1381 599 1483 668 inter
1501 603 1733 690 coniuratos;

83 696 130 701 ἡ
247 721 368 788 immo
397 741 486 790 vero
516 699 698 806 Faesulas
727 743 749 790 a
776 730 913 796 senatu
944 727 1082 793 missus
1102 729 1172 812 est,
1194 732 1238 794 ut
1258 729 1448 811 praesidio
1468 737 1569 798 esset
1588 734 1639 800 rei
1664 754 1730 818 pu·

212 843 227 852 ”
247 849 370 930 blicae
402 850 449 937 1);
480 852 578 919 alter
606 874 683 920 non
713 853 789 920 suit
827 841 1034 942 Cethegus,
1064 855 1129 921 sed
1159 855 1200 924 O.
1232 857 1445 944 Cornelius,
1475 861 1541 944 qui
1573 862 1729 933 vivebat

245 985 455 1064 postquam
489 982 683 1072 Cethegus
711 988 886 1052 mortuus
915 988 997 1052 erat
1025 985 1109 1071 (pro
1137 985 1267 1071 Sulla,
1297 989 1316 1070 t
1347 987 1421 1074 18).
1452 989 1497 1056 In
1529 998 1667 1060 senatu
1697 1014 1730 1063 a.

239 1108 286 1188 d.
322 1111 373 1178 VI
403 1110 461 1178 Id.
482 1111 577 1180 Nov.
598 1110 807 1206 Catilinam
837 1133 963 1180 orsum
995 1132 1075 1180 esse
1104 1115 1224 1200 loqui,
1246 1134 1323 1181 non
1353 1116 1551 1204 colligitur
1579 1139 1625 1186 ex
1655 1141 1735 1189 ora·

249 1235 424 1304 tionibus
454 1237 671 1323 Tullianis3
701 1259 856 1326 necea,
887 1260 985 1324 quae
1013 1240 1246 1308 Plutarchus
1275 1242 1394 1323 tradit
1423 1241 1643 1324 Ciceronem
1668 1247 1731 1314 di-

241 1367 358 1454 xisse,
379 1343 428 1436 ad
457 1369 614 1436 verbum
645 1371 891 1454 reperiuntur
910 1371 948 1436 in
972 1372 1095 1457 prima
1115 1369 1353 1441 Oatilinaria:
1375 1373 1529 1452 Ἀναστὰς,
1552 1376 1569 1440 ὁ
1592 1375 1732 1464 Κικέρων
1797 1440 1801 1447 .

60 1464 129 1555 Ὶΐῗῖ
240 1487 409 1576 προσέταξε
443 1491 525 1576 αὐτῷ
548 1501 600 1576 τῆς
623 1491 740 1569 πόλεως
763 1489 1030 1574 ἀπαλλάττεσθαι,
1055 1491 1116 1556 δεῖν
1139 1494 1198 1578 γὰρ
1221 1494 1314 1558 αὐτοῦ
1339 1495 1392 1580 μὲν
1415 1493 1534 1580 λόγοις,
1559 1495 1675 1562 ἐκείνου
1698 1497 1732 1562 δέ

79 1616 124 1693 Ῐξ,
213 1625 226 1710 '3
241 1619 343 1696 ὅπλοις
367 1621 608 1706 πολιτευομένου,
634 1620 726 1707 μέσον
749 1622 823 1686 εῐνοιι
847 1624 880 1686 τὸ
904 1631 1013 1708 τεῖχος·
1042 1623 1193 1689 'Plinius
1223 1622 1267 1710 (1,
1297 1625 1316 1706 λ
1347 1625 1420 1710 10)²
1451 1623 1631 1710 egredere
1661 1626 1730 1694 ψ’
1756 1721 1758 1726 .

244 1745 410 1837 quando,
430 1752 563 1835 ‘inquit
580 1802 587 1818 .
607 1802 614 1819 .
634 1802 642 1820 .
662 1801 670 1819 .
691 1772 832 1839 magno
862 1773 921 1819 me
950 1756 1057 1819 metu
1087 1753 1281 1839 liberabis,
1303 1753 1509 1822 dummodo
1540 1757 1642 1823 inter
1666 1777 1729 1823 me

223 1887 360 1965 ratque
387 1886 426 1948 te
455 1901 588 1947 murus
616 1882 782 1949 intorsit.
803 1883 936 1966 Neque
956 1902 976 1949 e
997 1882 1179 1950 (iiceronc
1200 1884 1477 1969 cognoscimus,
1499 1884 1724 1970 Oatilinam,
1791 1913 1794 1918 ¹

243 2010 411 2078 fascibus
441 2012 717 2095 lictoribusque
746 2013 936 2096 sumptis,
967 2030 1052 2076 cnm
1084 2011 1266 2079 trecentis
1305 2012 1462 2080 armatis
1502 2013 1632 2080 urbem
1675 2035 1729 2084 re-

105 2230 113 2231 ,
243 2143 420 2228 liquisse,
452 2148 495 2209 ut
517 2147 582 2210 est
612 2143 714 2228 apud
743 2143 1008 2228 Plutarchum,
1038 2142 1116 2228 sed,
1137 2163 1183 2210 ex
1214 2144 1305 2210 urbe
1335 2163 1466 2228 parum
1498 2146 1725 2213 comitatum

218 2272 379 2372 jexisse.
410 2273 584 2359 Utinam,
615 2273 757 2358 inquit,
787 2273 854 2338 ille
884 2291 1016 2338 omnes
1045 2291 1133 2339 suas
1167 2272 1295 2355 copias
1325 2272 1496 2339 duxisset
1526 2273 1590 2359 (ΙΙ,
1621 2277 1640 2358 t
1670 2273 1721 2364 4).

347 2405 408 2468 De
441 2401 561 2468 'Surae
596 2403 825 2488 cognomine
855 2421 996 2467 vanum
1027 2405 1287 2468 commentum
1320 2401 1462 2484 profert
1491 2403 1725 2472 Plutarchus

72 2610 78 2623 ἶ
100 2510 109 2611 ᾗ
193 2526 196 2531 ’
242 2532 286 2618 (ο.
310 2530 387 2617 17),
419 2531 523 2614 quod
553 2550 629 2597 non
662 2531 790 2612 potuit
819 2531 984 2614 reperire
1014 2530 1053 2595 in
1085 2529 1237 2612 scriptis
1267 2529 1457 2596 Tullianis
1488 2531 1536 2616 2).
1557 2533 1642 2598 Non
1672 2532 1726 2599 di·

89 2634 128 2749 J
241 2667 393 2747 screpat
423 2684 446 2730 a
475 2662 658 2730 Cicerone
687 2680 858 2745 narrans,
875 2661 1061 2744 epistulas
1090 2677 1113 2726 a
1134 2660 1301 2726 Lentulo
1321 2678 1402 2726 esse
1423 2660 1531 2728 datas
1555 2662 1725 2729 Allobro-

192 2813 194 2816 ·
240 2813 330 2878 gum
363 2793 516 2879 legatia,
550 2796 666 2874 atque
696 2791 764 2857 hos
794 2806 816 2853 a
845 2788 1084 2871 praetoribus
1114 2787 1154 2853 in
1185 2791 1302 2871 ponte
1337 2787 1486 2854 Mulvio
1516 2787 1725 2871 deprehen-

60 2932 74 2945 ²
191 2999 193 3004 ,
240 2942 301 2989 sos
330 2927 370 2988 et
399 2921 687 2990 dimicationem
718 2922 853 3003 ortam;
884 2937 1014 2986 verum
1042 2938 1122 3002 non
1153 2918 1271 2984 habet
1300 2919 1458 2984 nomina
1488 2923 1721 3004 praetorum,

240 3035 338 3134 quae
368 3054 460 3117 sunt
489 3051 528 3115 in
561 3047 789 3116 Catilinaria
817 3047 891 3133 ΙΙΙ,
912 3049 931 3130 t
952 3048 988 3132 4,
1013 3050 1052 3112 et
1081 3045 1148 3132 ait,
1179 3065 1311 3113 omnes
1340 3046 1527 3130 epistulas
1559 3035 1723 3115 traditas

238 3203 320 3250 esse
349 3181 562 3268 Volturcio,
593 3198 677 3246 curn
710 3179 800 3244 huic
829 3177 941 3243 datae
971 3175 1050 3243 sint
1079 3175 1231 3242 litterae
1261 3174 1309 3242 ad
1339 3174 1563 3262 (iatilinam,
1580 3178 1723 3264 legatis

240 3319 368 3379 autem
412 3312 566 3378 litterae
610 3309 656 3375 ad
693 3308 930 3394 Allobroges.
962 3306 1199 3390 Confirmat,
1229 3304 1330 3388 quod
1361 3304 1481 3371 tradit
1510 3306 1720 3374 Sallustius

218 3401 282 3530 Υ(ο.
302 3403 380 3528 li),
400 3460 467 3525 per
496 3440 540 3527 Q.
562 3440 724 3506 Fabium
757 3439 920 3524 Sangam
953 3437 1148 3503 consulem
1179 3435 1419 3521 comperisse,
1439 3437 1588 3523 legatos
1616 3435 1721 3503 Allo-

237 3574 396 3660 brogum
429 3573 467 3638 in
499 3569 804 3638 coniurationem
835 3557 1018 3650 pellectos
1047 3583 1141 3649 esse;
1162 3562 1209 3630 de
1238 3584 1314 3648 qua
1341 3583 1380 3630 re
1407 3584 1476 3631 nos
1496 3566 1638 3632 celavit
1660 3564 1719 3633 (u.

23 3688 108 3715 ³
188 3745 190 3750 -
236 3723 333 3771 cero.
356 3703 461 3789 (quae
492 3706 620 3769 antem
652 3705 737 3766 acta
765 3698 994 3778 decretaque
1023 3694 1161 3760 sintin
1184 3698 1334 3778 senatu,
1355 3698 1400 3761 ut
1419 3694 1610 3761 coniurati
1631 3714 1720 3762 con-

157 3863 163 3872 ·
237 3831 495 3915 vincerentur,
516 3828 640 3895 fusius
669 3827 708 3893 in
733 3825 823 3906 (iat.
845 3823 959 3908 111,s
980 3824 1001 3889 8
1033 3828 1072 3889 et
1100 3840 1178 3905 seq.
1201 3827 1459 3908 exponuntur,
1481 3822 1719 3891 Plutarchus

235 3959 368 4044 paucis
397 3957 575 4042 absolvit3
606 3954 780 4042 suggerit
809 3959 952 4036 tamen,
973 3949 1073 4034 quod
1104 3967 1181 4016 non
1210 3955 1269 4017 est
1295 3949 1333 4016 in
1356 3949 1609 4050 orationibus,
1629 3969 1716 4017 con·

147 4074 154 4130 ἷ
235 4073 536 4175 summittens
565 4086 750 4174 recitatis,
770 4087 1001 4184 potestatem
1031 4081 1206 4164 patribus
1234 4079 1369 4146 fecisse
1399 4079 1594 4163 aperiendi
1617 4098 1717 4163 quae

234 4223 399 4305 quisque
428 4220 475 4286 de
504 4217 636 4309 eadem
667 4235 707 4283 re
736 4214 922 4293 rescisset.
943 4212 1028 4279 Non
1060 4211 1258 4297 intellego,
1279 4229 1346 4276 cur
1373 4213 1593 4276 senatorum
1619 4207 1717 4276 indi·

234 4349 303 4416 ciis
334 4346 589 4433 optassent,
619 4363 707 4412 cum
736 4347 795 4409 tot
833 4343 1063 4426 argumenta
1091 4338 1132 4404 in
1162 4342 1342 4421 promptu
1372 4341 1513 4422 essent,
1543 4336 1714 4404 coniura-

232 4477 340 4560 tique
369 4476 443 4560 ipsi
473 4473 623 4541 facinus
651 4490 690 4538 se
719 4469 954 4538 commisisse
983 4485 1060 4532 non
1082 4464 1309 4531 abnuerent.
1330 4464 1534 4530 Praeterea
1552 4462 1715 4546 scriptor

233 4608 402 4677 Graecus
432 4627 501 4674 nos
530 4606 653 4689 docet,
675 4603 883 4670 Lentulum
915 4597 1111 4682 scripsisse
1141 4595 1346 4681 Catilinae,
1369 4599 1412 4661 ut
1440 4597 1599 4663 Romam
1628 4613 1714 4662 con-

232 4738 420 4822 tenderet,
442 4735 562 4804 servis
589 4731 776 4820 liberatis3
806 4748 939 4797 verum
968 4728 1062 4795 haec
1092 4744 1169 4793 non
1199 4724 1337 4792 dicunt
1364 4725 1531 4811 litterae,
1547 4742 1642 4808 quas
1670 4723 1711 4790 in

313 5017 327 5076 1
366 5013 440 5076 Sall.
462 5011 511 5072 30.

310 5017 344 5223 2}
366 5139 476 5204 Confer
499 5139 723 5199 adnotationem
746 5135 888 5196 Bartonis
910 5134 945 5194 ad
973 5132 1183 5226 nanciacum:
1207 5147 1233 5214 p.
1256 5128 1317 5190 398
1338 5126 1387 5186 ed.
1407 5123 1613 5188 Wittenbach.
