4146 5958
498 431 746 502 D’Anuomo
761 469 814 485 --
830 433 1047 520 Quatenus
1075 433 1342 502 Pnurxecrrus
1369 406 1455 500 uro,
1476 430 1479 491 1
1602 429 1649 498 17

232 624 385 694 tarchus
414 611 497 694 eam
530 609 683 693 videtur
710 626 937 713 neglexisse,
962 614 1429 712 numquamsuspic'atus,
1450 625 1642 693 orationes
1662 626 1715 692 af·

229 753 326 822 ferre
355 755 565 822 maximum
593 741 860 822 adiumentum
891 754 939 820 ad
967 774 1026 822 res
1046 758 1173 842 gestas
1194 753 1332 821 summi
1355 755 1515 821 oratoris
1534 758 1729 822 accurator

231 887 526 974 cognoscendas.
549 886 659 974 Quod
689 871 720 953 si
750 885 989 972 perlegisset,
1010 889 1088 952 tam
1111 875 1242 982 multa
1270 885 1426 953 silentio
1455 905 1538 952 non.
1564 891 1727 970 praete-¹

229 1017 354 1102 risset,
384 1035 510 1100 neque
553 1016 594 1082 in
637 1018 696 1082 tot
732 1017 1033 1116 erroreslapsus
1062 1019 1174 1082 esset.
1204 1015 1260 1083 Ut
1289 1016 1479 1083 nonnulla
1507 1013 1727 1096 alienamus

231 1131 605 1232 exemplaprimum
634 1145 733 1211 illud
762 1144 1126 1228 animadvertemus,
1152 1144 1250 1210 nihil
1281 1145 1329 1211 ab
1358 1166 1402 1213 eo
1431 1145 1529 1213 tradi
1562 1145 1608 1212 de
1639 1146 1712 1233 via,

231 1290 308 1360 qua
337 1273 494 1343 Olodius
523 1274 570 1341 ad
600 1273 841 1341 tribunatum
872 1273 996 1358 plebis
1024 1275 1253 1355 pervenerit.
1281 1276 1396 1343 Porro
1427 1276 1597 1344 (laeseris
1625 1295 1724 1343 con-.

207 1485 208 1490 Ἰ
229 1403 317 1471 silia
346 1403 402 1470 ita
429 1393 689 1487 exponuntur,
714 1406 757 1469 ut
786 1402 850 1468 vix
868 1401 1150 1488 intellegantur
1169 1405 1285 1484 atque
1304 1403 1558 1487 explicentur.
1579 1403 1723 1471 Perhi-¹

229 1531 342 1600 betur
370 1531 472 1598 enim
504 1530 646 1633 Cicero,
669 1538 756 1597 cum
785 1517 971 1598 inimicus
996 1536 1096 1634 esset
1125 1527 1251 1598 Orassi
1279 1536 1395 1615 atque
1424 1530 1666 1599 'fastidiretur
1690 1553 1726 1615 a·

229 1650 631 1756 Pompeio,*preoibus
669 1659 793 1727 adisse
823 1658 1035 1746 Gaesarem,
1067 1661 1243 1744 quamvis
1272 1681 1348 1728 non
1379 1662 1558 1748 amicum,
1588 1667 1634 1729 ut
1661 1664 1713 1730 le-

162 1814 167 1822 ·
229 1791 362 1874 gaium
392 1787 433 1853 in
464 1785 627 1853 Galliam
659 1805 700 1854 se
729 1785 897 1854 duceret.
919 1767 1115 1855 Anuuisse
1145 1787 1630 1876 Caesarem3at010dium,
1653 1811 1731 1858 ve,

229 1917 360 2016 ritum,
377 1938 426 1985 ne
456 1917 586 1985 (licero
616 1937 661 1985 ex
678 1937 758 1986 ¹suo
779 1917 981 1985 tribunatu
1002 1918 1200 2006 effugeret,
1221 1920 1421 1988 simulasse
1437 1941 1482 1994 ¹se
1502 1924 1603 1990 velle
1623 1942 1719 1990 eum.

228 2066 272 2114 eo
301 2047 341 2116 in
372 2046 535 2134 gratiam
565 2045 701 2131 redire,
723 2047 854 2129 itaque
883 2048 1066 2134 effecisse,
1088 2053 1131 2116 ut
1159 2049 1239 2136 ille,
1257 2054 1363 2117 metu
1390 2051 1593 2139 liberatuS,
1616 2055 1718 2142 lega-

229 2176 388 2262 tionem,
418 2157 791 2262 quampetivisset,
820 2153 1024 2245 recusaret.
1056 2174 1207 2264 Quare
1238 2175 1437 2248 Gaesarem
1471 2182 1613 2250 iratum
1638 2181 1715 2252 'nou

229 2293 342 2379 modo
371 2325 394 2372 a
423 2305 605 2379 Cicerone
633 2305 861 2389 Pompeium
890 2306 1049 2372 omuino
1078 2305 1358 2375 abalienavisse
1379 2310 1562 2394 viresque
1576 2311 1720 2383 Olodio.

229 2433 437 2520 addidisse,
467 2453 600 2501 verum
640 2435 756 2502 etiam
791 2435 895 2520 apud
924 2437 1110 2520 populum
1140 2438 1326 2504 testatum
1357 2458 1451 2526 esse,
1483 2440 1608 2508 videri
1643 2444 1719 2512 sibi

227 2572 361 2634 eontra
387 2567 493 2654 leges
521 2567 755 2651 Lentulum,
786 2565 1026 2653 Oethegum,
1056 2566 1154 2633 alios
1181 2567 1402 2635 coniuratos
1429 2585 1511 2636 esse
1540 2578 1712 2642 necatos.

227 2697 367 2785 Igitur,
397 2691 429 2765 si
457 2684 709 2765 Plutarchum
739 2697 930 2782 audimus,
961 2697 1099 2766 ansar
1127 2717 1244 2782 parva
1272 2671 1485 2768 offensione
1513 2702 1709 2786 permotus

177 2811 179 2818 ⁵
227 2832 298 2914 est,
329 2834 373 2896 ut
401 2828 611 2913 perniciem
640 2831 799 2913 pararet
819 2797 1021 2895 Ciceroni!
1051 2829 1256 2898 Mittamus
1286 2848 1482 2917 quaerere,
1502 2835 1606 2916 quod
1635 2857 1713 2904 non

227 2958 372 3025 attinet
411 2957 460 3024 ad
488 2956 588 3024 hauc
617 2955 1114 3057 disquisitionem,.sintue
1143 2957 1248 3024 haee
1265 2958 1315 3024 ad
1342 2945 1544 3028 veritat-em
1576 2945 1681 3032 dicta
1697 2991 1715 3053 3¹

157 3105 161 3114 ·
221 3085 326 3153 ¹illud
355 3086 578 3153 confirmare
607 3085 730 3171 libet„
747 3106 823 3152 non
855 3086 1010 3155 fluxisse
1039 3109 1060 3156 e
1087 3089 1196 3157 libris
1225 3087 1428 3160 Tullianis
1448 3093 1543 3160 Nam
1576 3095 1709 3165 Oicero

159 3263 162 3270 .
226 3218 357 3314 aperte
386 3215 567 3300 declarat,
589 3214 797 3304 Gaesarem¹
818 3215 889 3282 sibi
920 3217 1154 3303 legationem
1184 3219 1371 3289 obtulisse
1393 3220 1441 3307 1).
1463 3223 1558 3290 Tum
1589 3227 1706 3295 etiam

225 3345 457 3413 Plutarchus
486 3348 689 3430 asseverat,
723 3344 775 3411 M.
797 3337 982 3432 Tullium,
1007 3335 1194 3416 auxilium
1224 3369 1248 3416 a
1276 3350 1345 3419 (iu.
1366 3353 1549 3437 Pompeio
1579 3363 1709 3440 petere

229 3479 417 3560 coactum,
448 3475 573 3559 primo
591 3476 749 3544 misisse
768 3477 933 3572 adeum
963 3477 1041 3542 ruri
1071 3475 1275 3562 degentem
1305 3479 1484 3560 Pisonem
1506 3503 1708 3575 generum3

229 3602 369 3670 deinde
400 3604 522 3687 ipsum
555 3601 682 3692 ivisse3
713 3605 906 3690 atilium,
937 3605 1002 3671 ubi
1032 3609 1256 3692 cognoverit
1284 3609 1367 3675 eius
1396 3610 1711 3700 adventum,pe1·

228 3730 337 3797 aliud
356 3732 499 3799 ostium
519 3735 692 3818 elapsum
713 3751 807 3802 esse.
830 3732 1069 3801 contradicit
1089 3732 1234 3820 Oicero,
1254 3754 1340 3802 cum
1363 3735 1557 3822 ecripserit
1572 3741 1620 3808 ad
1641 3739 1709 3811 Atf

229 3860 349 3928 ticum
370 3862 433 3950 (X,
456 3863 505 3950 4),
529 3869 610 3931 tum
640 3884 680 3932 se
710 3864 851 3932 vidisse
880 3865 1120 3950 Pompeium,
1142 3866 1207 3932 sed
1237 3867 1284 3934 ab
1312 3887 1357 3935 eo
1383 3889 1459 3935 non
1483 3890 1564 3938 esse
1585 3874 1710 3942 suble-

226 3995 360 4057 vatum
391 3991 437 4058 ad
469 3992 585 4077 pedes
618 3994 834 4079 iacentem,
864 4014 907 4061 ac
936 4013 1157 4079 responsum
1195 3997 1373 4066 retulisse
1402 4019 1494 4068 sane
1522 4001 1708 4089 frigidum
1744 4045 1748 4058 ·

227 4125 344 4204 atque
372 4121 562 4206 ineptum.
1438 4109 1441 4120 ’
1551 4116 1554 4120 ’

306 4393 336 4470 1)
359 4393 415 4453 Aoi
432 4395 496 4454 Aa.
514 4393 552 4464 II,
569 4394 616 4454 18:
640 4413 657 4452 c
672 4396 699 4454 A
720 4395 848 4454 Caesare
863 4395 953 4455 valde
968 4396 1138 4456 liberaliter
1157 4398 1271 4458 invitor
1286 4400 1316 4457 in
1334 4400 1517 4476 legationem
1533 4405 1631 4479 illam,
1649 4409 1709 4467 sibi

227 4524 257 4576 ut
280 4517 338 4576 sim
364 4517 521 4594 legatus».
538 4517 582 4576 De
604 4535 697 4594 prov:
713 4537 792 4578 cons.
815 4523 834 4596 ἓ
856 4521 904 4580 42:
930 4520 1109 4581 ‹Traduxii
1131 4521 1168 4580 ad
1191 4522 1310 4598 plebem
1334 4523 1493 4584 inimicum
1511 4543 1623 4602 meum,
1640 4501 1730 4590 siue¹

228 4640 329 4700 iratus
346 4640 433 4711 milri,
450 4641 528 4716 quod
553 4624 599 4700 me
616 4658 716 4700 seeum
741 4659 777 4700 oe
800 4642 955 4701 benefieiis
976 4644 1099 4721 quidem
1124 4644 1245 4704 videbat
1268 4663 1355 4722 posse
1375 4611 1529 4724 coniungi,
1551 4652 1617 4710 sive
1639 4671 1709 4712 exo·

224 4775 316 4827 ratus
341 4768 388 4828 Ne
411 4769 484 4828 haec
506 4768 631 4845 quidem
654 4768 711 4829 fuit
735 4772 854 4850 iniuria.
877 4770 958 4830 Nam
982 4781 1084 4848 postea
1108 4781 1212 4858 ment
1235 4775 1293 4833 sibi
1315 4793 1413 4835 essem
1436 4777 1562 4853 legatus,
1580 4797 1638 4840 nou
1661 4795 1706 4842 sd

223 4893 286 4952 lum
310 4893 415 4966 suasit,
439 4912 545 4953 verum
567 4895 660 4954 etiam
684 4897 814 4972 rogavit.
829 4899 876 4959 Ne
898 4898 929 4956 id
951 4898 1074 4972 quidem
1097 4901 1210 4975 accepi,
1226 4893 1283 4959 non
1299 4919 1357 4977 quo
1373 4903 1506 4979 alienum
1525 4922 1592 4965 mea
1608 4907 1709 4983 digni·-

223 5023 284 5076 tate
305 5017 482 5088 arbitrarer,
498 5017 549 5077 sed
571 5019 649 5096 quod
674 5026 789 5080 tautum
812 5023 886 5098 reip.
901 5023 1026 5082 sceleris
1049 5025 1223 5100 impendere
1244 5044 1262 5085 a
1282 5027 1459 5088 consulibus
1480 5033 1636 5106 proximis.
1649 5052 1706 5093 non

132 5185 136 5194 .
223 5140 442 5218 suspicabar».

1446 5263 1466 5320 3
