4146 5958
345 417 366 482 8
540 414 587 480 D’
607 414 857 481 Annozro-
873 414 1090 501 Quarunus
1118 415 1386 480 Pnurneouus
1414 428 1503 480 nro:
1532 463 1534 474 .

292 607 494 677 damnatos
522 609 821 694 repetundarum
852 627 975 694 poena
1004 605 1200 690 duplionis
1239 607 1355 692 vulgo
1394 606 1533 689 passim
1573 612 1612 673 et
1652 603 1772 673 maior

290 737 498 822 aliquando
533 738 723 805 manebat.
753 736 949 804 Admonet
991 741 1119 804 autem
1150 738 1262 800 vetus
1299 734 1489 816 interpres
1528 733 1568 798 in
1598 733 1688 799 Div.
1720 737 1773 802 52.

296 867 519 954 «Quamvis
547 867 766 934 sestertium
806 866 1064 954 octingenties
1093 864 1200 950 dupli
1232 863 1389 930 nomine
1424 863 1523 950 exigi
1558 883 1650 932 usus
1688 869 1773 950 est,

290 999 509 1066 sestertium
542 1001 667 1066 tamen
699 995 1017 1084 quadringenties
1037 993 1243 1079 repetitum
1265 997 1348 1060 est:
1370 992 1417 1060 ad
1438 993 1655 1080 gratiamne
1679 995 1774 1062 Hor-

290 1126 422 1212 tensii,
452 1146 499 1194 an
531 1127 753 1193 coniventia
782 1125 976 1194 ciceronis
1006 1124 1140 1210 ipsius,
1171 1143 1303 1207 parum
1332 1122 1647 1205 comperimus».

398 1257 504 1344 Quae
521 1245 652 1324 Cicero
672 1256 791 1343 gessit
806 1258 892 1338 post
908 1252 1145 1320 aedilitatem
1165 1252 1348 1337 usquead
1364 1255 1621 1339 consulatum,
1638 1274 1697 1321 om
1708 1255 1776 1322 nia

289 1402 368 1449 uno
396 1383 522 1468 capite
551 1387 767 1452 narrantur.
785 1382 842 1448 Ac
866 1382 1005 1448 mirum
1026 1386 1096 1466 est,
1117 1382 1264 1447 nullam
1287 1381 1523 1447 mentionem
1544 1383 1699 1465 reperiri
1727 1381 1773 1448 de

289 1515 414 1582 causis
442 1505 610 1598 Fonteii,
641 1512 840 1598 Caecinae,
871 1512 998 1597 Oppii,
1028 1511 1214 1596 Cluentii,
1244 1511 1451 1596 Fundanii,
1480 1531 1578 1595 quae
1608 1511 1647 1578 id
1678 1519 1770 1580 tem-

290 1646 392 1730 poris
421 1645 546 1712 dictae
572 1648 676 1730 sunt,
707 1663 832 1728 neque
862 1663 940 1711 uno
969 1643 1084 1711 verbo
1116 1644 1226 1730 tangi
1247 1643 1456 1711 orationem
1473 1643 1770 1716 ,nobilissimam

290 1780 373 1842 turn
404 1775 576 1842 habitam
606 1795 673 1861 pro
692 1776 779 1860 lege
799 1772 844 1841 O,
861 1772 1028 1857 Manilii,
1050 1777 1094 1838 ut
1115 1771 1184 1839 On.
1201 1771 1383 1854 Pompeio
1404 1771 1547 1838 bellum
1570 1761 1773 1840 Mithrida-

290 1905 410 1972 ticum
430 1896 756 1972 committeretur.
783 1903 887 1971 Hinc
916 1904 999 1969 iure
1029 1901 1209 1988 colligere
1240 1921 1454 1986 possumus,
1476 1901 1788 1969 harum-oratio·v

290 2054 381 2100 num
414 2035 613 2102 volumina
641 2033 799 2100 omnino
828 2051 909 2100 esse
940 2032 1128 2118 neglecta.
1150 2031 1200 2096 ut
1229 2050 1313 2097 oum
1337 2034 1413 2096 tam
1446 2050 1586 2118 magna
1613 2032 1773 2098 silentio
1840 2021 1844 2036 '

291 2167 520 2249 praetereat,
541 2162 674 2230 eodem
704 2162 829 2246 eapite
859 2161 935 2227 alia
964 2163 1248 2244 commemorat,
1271 2177 1368 2243 quae
1399 2159 1529 2227 sintne
1558 2160 1606 2226 ad
1635 2160 1774 2227 verita-

289 2292 368 2356 tam
405 2274 602 2382 exposita,
632 2289 860 2357 addubitare
888 2287 993 2354 licet.
1023 2285 1060 2352 Α
1090 2284 1271 2353 cicerone
1302 2260 1474 2370 praetore
1504 2285 1545 2353 Ο.
1575 2285 1772 2352 Licinium

289 2417 461 2484 Macrum
491 2422 679 2484 oratorem
709 2434 913 2499 rerumque
942 2414 1179 2497 scriptorem,
1202 2412 1308 2480 Oalvi
1341 2413 1500 2480 oratoris
1526 2417 1688 2497 patrem,
1722 2431 1775 2479 rc-

289 2548 547 2630 petundarum
578 2551 798 2615 accusatum
828 2565 936 2630 esse;
966 2549 1082 2628 atque
1112 2543 1215 2609 hune
1245 2563 1314 2610 sua
1343 2543 1517 2627 potentia
1561 2542 1700 2610 fretum
1734 2549 1773 2610 et

289 2679 495 2756 amicorum
528 2679 669 2765 studio,
690 2683 897 2761 antequam
920 2675 1065 2742 iudices
1079 2675 1299 2761 ‚sententias
1319 2674 1474 2758 ferrent,
1496 2675 1651 2740 domum
1674 2675 1772 2741 abis-

290 2828 329 2875 se
358 2827 569 2892 puramque
599 2815 726 2896 togam
758 2805 1145 2892 induisse,sperinde
1175 2813 1292 2888 atque
1321 2804 1521 2870 absolutus
1552 2809 1676 2889 esset;
1706 2810 1770 2888 p'o-
1853 2873 1855 2878 ,

290 2946 372 3008 stea
400 2940 575 3008 edoctum
608 2961 630 3008 a
659 2942 711 3008 M.
742 2941 889 3026 Orasso,
919 2940 1070 3007 fautore
1101 2957 1183 3024 suo,
1213 2956 1251 3004 se
1287 2937 1438 3004 cunctis
1468 2937 1661 3024 suffragiis
1692 2958 1775 3006 esse

289 3068 516 3136 damnatum
535 3120 554 3154 ,v
575 3074 736 3135 mortem
766 3067 1111 3162 sibi-conscivisse.
1142 3065 1345 3148 Discrepat
1375 3083 1397 3128 a
1425 3064 1633 3131 Plutarcho
1663 3065 1774 3132 Vale·

291 3195 372 3262 rius
401 3197 619 3282 Maximus,
650 3197 715 3280 qui
747 3197 859 3283 (XX,
893 3198 963 3279 12,
996 3193 1043 3280 7)
1074 3192 1213 3277 tradit,
1245 3191 1465 3259 Ciceronem
1508 3210 1583 3257 non
1619 3191 1774 3260 damna-

289 3328 415 3413 visse,
444 3328 510 3395 sed
549 3335 675 3396 certae
704 3328 964 3395 damnationis
1003 3325 1247 3393 admonuisse
1290 3323 1475 3406 Macrum,
1511 3326 1627 3408 atque
1667 3302 1775 3388 hune

289 3477 453 3542 poenam
485 3431 605 3526 morte
635 3457 948 3554 praecucurrisse.
981 3458 1102 3543 Quam
1133 3453 1278 3521 Valerii
1310 3452 1498 3519 rationem
1530 3451 1775 3524 verisimilio-

289 3607 367 3654 rem
398 3586 585 3684 duxerim,
611 3587 753 3671 quippe
783 3604 858 3668 qua
888 3604 960 3652 nex
989 3583 1128 3651 Licinii
1160 3581 1396 3649 commodius
1421 3581 1646 3665 explicetur,
1669 3578 1772 3664 quod

292 3716 360 3782 ille
403 3716 451 3782 ah
493 3716 625 3800 inopia
653 3716 706 3782 rei
751 3714 953 3781 familiaris
988 3717 1028 3778 et
1055 3711 1215 3780 crimine
1250 3710 1480 3776 domesticae
1510 3709 1774 3776 damnatIonis

296 3861 384 3909 suos
412 3842 576 3910 liberare
604 3843 782 3910 voluerit.
814 3842 1054 3927 Quamquam
1086 3839 1167 3921 ipse
1197 3837 1328 3904 (licere
1357 3855 1443 3903 oum
1483 3834 1690 3903 Plutarcho
1721 3834 1775 3901 fa-

296 3992 380 4040 eere
409 3972 575 4058 videtur,
606 3993 690 4039 cum
722 3973 816 4038 haec
844 3969 1038 4054 scripserit
1067 3965 1115 4033 ad
1136 3965 1337 4032 Atticum:
1374 3965 1489 4030 «Nos
1518 3963 1581 4029 hic
1610 3961 1776 4029 incredi-

293 4103 362 4184 bili
393 4123 436 4170 ae
464 4104 651 4191 singulari
690 4104 822 4189 populi
854 4103 1056 4168 voluntate
1085 4096 1131 4164 de
1162 4095 1203 4164 O.
1234 4097 1362 4164 Macro
1391 4095 1677 4182 transegimus:
1709 4093 1771 4160 cui

292 4252 379 4300 oum
424 4233 539 4316 aequi
578 4232 809 4319 fuissemus,
839 4235 967 4335 tamen
1000 4229 1123 4294 multo
1154 4226 1335 4292 maiorem
1365 4226 1532 4292 fructum
1563 4243 1609 4291 ex
1638 4221 1772 4307 populi

290 4502 472 4562 rectissime:
495 4465 659 4560 «Videtur
683 4496 739 4555 hoc
761 4514 796 4555 eo
819 4498 979 4573 periinere,
1000 4499 1079 4576 quod
1104 4499 1152 4557 lex
1169 4495 1302 4558 Servilia
1326 4493 1460 4570 duplum,
1483 4472 1625 4553 Cornelia
1645 4495 1775 4570 quadru-

290 4624 373 4701 plum
397 4641 413 4680 a
436 4622 579 4680 damnato
600 4619 681 4694 erigi
707 4619 803 4689 iussit,
826 4626 856 4678 ut
872 4622 983 4679 millies
1006 4620 1106 4679 minus
1128 4619 1177 4690 sit,
1193 4633 1281 4694 quam
1306 4616 1383 4692 quod
1406 4617 1512 4675 Cicero
1535 4615 1654 4690 exlege
1676 4620 1772 4691 postu·

291 4752 354 4812 lare
377 4749 516 4827 poluerit.
542 4737 622 4809 Nam
645 4747 721 4823 quod
736 4746 846 4806 ,dicere
869 4748 981 4823 possis,
1003 4747 1177 4805 Ciceronem
1202 4709 1373 4814 tum‚'cum
1397 4743 1472 4800 hanc
1494 4742 1662 4800 orationem
1685 4741 1772 4800 habe·

293 4879 360 4944 ret,
384 4870 515 4961 nondum
549 4875 689 4966 accurate
715 4870 752 4928 de
775 4869 838 4928 litis
860 4887 979 4928 summa
1001 4870 1184 4929 constituere
1208 4868 1360 4943 potuisse:
1382 4865 1476 4923 edidit
1499 4864 1576 4924 haud
1599 4864 1688 4924 dubie
1710 4841 1774 4924 ora·

292 4999 407 5057 tionem
432 4959 590 5072 postquam
615 4995 719 5053 hahuit
733 5015 762 5054 r.
787 4956 1114 5072 (Verr·2'narum¹libr·i
1132 4999 1256 5068 septena·
1278 4991 1427 5050 recensuit
1448 4998 1478 5049 et
1500 4989 1669 5065 explicavit
1691 4989 1723 5048 C.
1738 4987 1773 5049 Τ.

291 5120 457 5213 Zumptius,
480 5118 503 5190 I,
520 5087 554 5192 ¹p.
571 5116 633 5194 16).
683 5125 686 5134 ’
