4146 5958
474 443 524 514 D’
539 443 724 515 Annozro
740 483 793 494 -
808 443 1024 533 Qunrauus
1052 441 1319 514 Pnurnacrrus
1332 442 1418 512 'n're
1434 521 1436 524 ,
1583 433 1636 512 11’241

196 639 315 719 tione
344 645 430 724 post
458 641 624 709 reditum
655 640 764 712 faeta
785 640 832 709 de
853 641 965 708 domo
996 639 1202 726 Ciceronis,
1233 639 1346 725 quam
1379 637 1537 708 Olodius
1564 637 1692 706 Liber·

199 769 278 835 tati
306 773 606 860 consecraverat,
624 772 734 838 nulla
748 771 897 839 mentio
915 767 1093 855 infertur3
1110 770 1229 837 immo
1248 772 1406 837 senatus
1425 767 1634 852 decretum,
1651 771 1696 833 ut

201 883 318 968 'illius'
344 900 462 968 villae
482 905 598 986 atque
618 900 940 984 domuspublicis
960 901 1179 985 sumptibus
1206 869 1531 984 instaurarentur,
1549 896 1691 964 factum

196 1014 291 1096 ‹esse
316 1029 544 1114 perhibetur
571 1035 663 1098 ante
692 1047 806 1114 quam
836 1029 988 1097 Tullius
1017 1031 1174 1098 Romam
1204 1028 1370 1096 rediret!
1392 1027 1467 1096 Sed
1495 1026 1590 1094 haec
1609 1026 1695 1094 hac-

208 1147 336 1245 tenus,
366 1145 467 1243 quae
494 1156 541 1226 'ad
571 1158 729 1226 exilium
758 1158 1004 1242 reditumque
1033 1156 1221 1242 spectent.
1561 1161 1563 1167 '
1671 1161 1674 1170 '

198 1301 204 1317 ‘
307 1251 442 1356 *clodii
471 1303 558 1355 cum
587 1287 733 1354 Milone
762 1286 1054 1373 contentiones,
1085 1305 1182 1371 quae
1210 1283 1359 1354 tamdiu
1398 1283 1595 1362 civitatem
1624 1284 1694 1351 Ro·

206 1437 361 1486 manam
391 1411 733 1504 conturbaverunt,
756 1417 971 1485 neleviter
990 1416 1395 1504 quidemtanguntuu
1423 1412 1693 1481 tantummodo

207 1560 337 1612 earum
366 1544 505 1631 exitus,
533 1549 579 1611 ut
607 1545 663 1612 ita
691 1544 833 1630 dicam,
862 1544 1106 1632 significatur
1138 1541 1200 1610 his
1227 1541 1366 1612 verbis:
1394 1541 1533 1611 Κλώδιον
1555 1543 1694 1622 tresue

207 1697 273 1740 νυσι
295 1645 399 1740 Miller
428 1672 473 1761 (e.
495 1671 571 1758 etl.
592 1673 712 1741 'Pullii
741 1671 914 1744 oratione
943 1695 1011 1758 pro
1039 1675 1198 1760 Milone,
1229 1689 1326 1759 quae
1356 1677 1467 1741 tanta
1495 1672 1598 1740 fama
1630 1671 1693 1740 tlo-

200 1801 290 1876 ruit
318 1801 420 1886 apud
450 1797 610 1889 veteres,
633 1822 709 1870 non
741 1802 895 1869 videtur
923 1822 1015 1870 usus
1036 1822 1137 1889 esse,
1168 1821 1335 1887 namque
1355 1800 1455 1869 nihil
1476 1800 1555 1868 fere
1575 1801 1693 1871 babet

209 1927 310 2016 quod
339 1932 378 1999 in
397 1931 589 1998 oratione
610 1927 835 2018 reperiatur,
856 1949 900 1999 ac
930 1930 1126 2000 nonnulla
1147 1930 1279 2018 tradit,
1297 1931 1465 2016 quaein
1478 1931 1480 1938 “
1495 1930 1690 1998 illadesi·

208 2059 403 2128 derantur.
416 2060 475 2128 Ne
490 2081 575 2151 uno
590 2062 882 2145 quidem‘te'rbo
902 2062 1065 2148 attingit
1084 2062 1219 2128 turbas
1237 2061 1425 2146 rixasque,
1443 2079 1542 2145 quae
1563 2059 1690 2130 (llodii
1711 2147 1715 2160 ι

206 2207 336 2256 necem
366 2195 594 2258 consecutae
626 2195 739 2276 sunt3
769 2192 825 2259 eit
853 2191 1055 2258 dumtaxat
1083 2190 1127 2279 (c.
1159 2188 1239 2276 35):
1268 2190 1374 2256 Milev
1396 2190 1571 2277 διοκόμενος
1599 2190 1692 2276 φόνου
1770 2237 1774 2244 -

196 2315 606 2403 Krutpbuoerr'cpsoricuro
627 2315 839 2406 τιιιιιὴγιιροις
866 2322 995 2401 atque.
1013 2316 1156 2386 s'ubieit
1172 2326 1194 2404 ,'
1207 2323 1388 2388 {senatum
1404 2319 1584 2386 'veritum
1604 2370 1613 2405 ,
1638 2303 1691 2414 'ne

197 2445 290 2518 uiro
321 2447 422 2516 claro
452 2452 491 2516 et
519 2448 596 2516 aeri
619 2453 689 2516 ‘reo
718 2449 889 2516 civitatis
922 2449 1032 2533 quies
1060 2449 1312 2535 turbaretur,
1335 2450 1553 2534 permisisse
1581 2450 1692 2518 Pom·

206 2574 304 2662 pei0,
334 2576 489 2642 utnuic
509 2576 722 2661 ceterisque
742 2577 896 2644 iudiciis
919 2580 1109 2662 praeesset
1127 2576 1440 2660 praesidiumque
1453 2575 1619 2644 haberet
1639 2576 1687 2642 ad

201 2703 312 2786 urbis
332 2703 630 2790 etiudieiorum
659 2706 1000 2789 tranquillitatem.
1033 2703 1139 2790 Quae
1159 2704 1315 2789 quidem
1329 2712 1553 2772 nemo-non.
1571 2705 1687 2786 videt,

177 2927 180 2934 .
206 2832 488 2916 quamparum·
506 2834 694 2926 'accurate
723 2833 947 2912 dictasint.
977 2835 1111 2918 Neque
1139 2835 1300 2921 indicat,
1326 2835 1428 2920 quod
1448 2840 1600 2905 ⁴munus
1629 2835 1689 2903 de·

204 2957 327 3028 latum
358 2962 409 3028 sit
437 2962 632 3047 Pompeio.
655 2961 765 3048 Quod
794 2962 926 3048 tradit,
955 2962 1141 3029 Milonem
1172 2960 1347 3031 Oiceroni
1377 2963 1623 3049 persuasisse,
1645 2968 1690 3030 ut
1727 2985 1729 2994 ⁴

203 3086 341 3154 lectica
369 3088 416 3155 ad
446 3089 631 3157 iudicium
663 3090 880 3176 veheretur,
910 3094 1162 3176 metuentem,
1192 3109 1242 3157 ne
1271 3094 1499 3174 conspectus
1526 3095 1689 3159 armato·

203 3236 289 3283 rum
321 3199 685 3307 eum'perturbaret,
705 3221 744 3289 id
774 3239 850 3288 non
883 3220 995 3288 video
1022 3221 1063 3286 in
1085 3222 1238 3306 scriptis
1257 3222 1461 3307 Tullianis,
1482 3241 1566 3307 nec,
1586 3221 1688 3305 quod

202 3345 321 3412 sciam
340 3391 362 3432 ,·
380 3347 421 3414 in
452 3348 528 3415 alio
554 3355 687 3422 ¹vetere
717 3349 914 3433 scriptore.
946 3348 1315 3418 Hinc-occasionem
1346 3351 1502 3434 captat,
1528 3327 1576 3418 ιιι
1604 3348 1689 3420 edo·

202 3477 299 3560 ceat,
330 3473 432 3559 quod
455 3479 503 3544 et
531 3478 615 3562 ipse
645 3477 800 3546 Tullius
828 3476 1040 3544 confitetur·
1065 3476 1115 3565 1),
1144 3495 1336 3545 summum
1373 3483 1560 3546 oratorem
1590 3483 1689 3547 com·
1761 3491 1765 3498 '

202 3606 345 3672 moveri
377 3612 418 3674 et
446 3608 730 3693 perhorrescere
759 3608 1011 3692 incipientem
1042 3608 1180 3693 dicere,
1201 3627 1434 3694 quamquam
1464 3609 1580 3692 paulo
1600 3613 1687 3693 post

202 3750 280 3799 non
311 3735 530 3823 infitiatur,
560 3739 601 3806 in
631 3737 703 3807 hac
731 3739 1021 3824 perturbatione
1050 3738 1172 3807 animi
1201 3737 1422 3808 Ciceronem
1459 3741 1581 3828 magis
1609 3744 1686 3808 stu·
1799 3819 1802 3823 ,

203 3860 354 3950 diosum
395 3865 602 3952 amicorum
634 3887 749 3952 quam
780 3867 959 3952 timidum
990 3866 1240 3936 iudicandum
1270 3889 1364 3938 esse.
1393 3871 1452 3937 De
1482 3869 1542 3950 his
1570 3868 1685 3940 rebus

198 3969 642 4100 {disputeuscnuntia'm
672 3997 774 4100 quod
803 4001 861 4066 est
889 3975 982 4074 sane
1011 3998 1178 4084 mirum,
1207 4017 1268 4065 ne.
1286 3998 1407 4066 dicam
1449 3996 1684 4099 absurdum,

200 4119 422 4190 Ciceronem
453 4125 492 4190 in
524 4145 639 4194 eausa
667 4126 811 4194 oranda
852 4126 992 4193 Licinii
1022 4123 1234 4212 Murenae,
1256 4146 1350 4224 *eum
1380 4131 1683 4228 totamboctem

199 4251 430 4350 ,vigilassem
459 4257 592 4348 nimiis
616 4258 731 4349 ¹curis
761 4277 813 4325 ae
854 4257 1112 4341 trepidatione
1151 4257 1225 4325 sibi
1263 4280 1303 4326 se
1336 4259 1419 4344 ipso
1457 4258 1683 4327 deteriorem

200 4380 326 4470 visum
347 4401 441 4454 esse.
474 4384 580 4470 Quae
600 4359 754 4490 quidem
775 4387 816 4472 ¹in
839 4384 1017 4469 operibus
1037 4386 1229 4465 Tullianis
1248 4388 1413 4473 reperire
1442 4408 1520 4455 non
1541 4388 1682 4478 potuit.

198 4506 377 4602 Qeterum
399 4513 588 4616 convenit·
602 4515 707 4613 inter.
722 4532 868 4601 omnes,
880 4532 947 4598 pro
958 4513 1133 4602 Murena,
1146 4535 1259 4600 quam
1277 4517 1457 4604 legimus,
1469 4517 1680 4616 orationem

198 4639 449 4730 urbanitatis,
470 4646 577 4732 salis,
596 4645 985 4732 suavitatis,leporis·
1005 4647 1204 4730 specimen
1226 4667 1307 4717 esse
1327 4647 1610 4717 nobilissimum
1632 4646 1682 4734 2),
1747 4629 1750 4637 ¹

274 4933 310 5018 ,1)
335 4937 401 4994 Pro
424 4919 542 4994 Claeut.
567 4932 808 5014 182'sSempcr
830 4921 940 5015 mageo
962 4925 1029 5000 eum
1056 4945 1135 4998 metu
1169 4935 1414 5013 incipiodicere.
1438 4929 1678 5016 Quotiescunque

198 5054 278 5127 di'co,
303 5055 393 5113 toties
406 5055 616 5118 -in'iudicium
639 5047 745 5117 videor
766 5062 910 5121 venire».
932 5051 993 5120 Cir.
1017 5061 1049 5120 in
1073 5049 1158 5120 Cc'eo.
1182 5055 1231 5119 13.
1258 5097 1261 5104 ι
1303 5051 1322 5102 Ῠ
1413 5069 1425 5076 ”

275 5175 309 5264 ’2)
331 5184 375 5244 De
397 5183 486 5244 huius
511 5173 658 5244 orationis
676 5185 811 5246 artificio
826 5165 991 5266 ¹praeclara
1014 5193 1083 5248 sunt
1107 5175 1199 5247 verbs
1222 5183 1413 5260 Quintiliani,
1434 5185 1540 5261 xul.
1562 5188 1611 5252 68.
1677 5204 1682 5228 ¹
