4146 5958
511 459 559 526 D’
578 455 761 524 Annozro
775 457 1060 560 -Qunruuus
1089 455 1366 524 Pnuruaonns
1385 432 1468 525 nro.
1618 437 1666 526 29

233 652 334 739 Quid
361 654 413 721 M.
436 653 632 720 Antonius
652 653 775 741 egerit
795 652 930 720 diebus
950 621 1246 736 insequentibus
1269 651 1318 738 1'),
1338 655 1441 720 tacet
1469 627 1713 738 Plutarchus}

230 784 383 878 tautum
413 783 556 865 narrat,
586 781 719 848 terrori
750 781 931 847 omnibus
960 780 1068 846 illum
1101 799 1182 848 esse
1202 780 1385 865 coepisse,
1415 782 1579 850 maxime
1609 779 1712 849 Oice'ss

230 891 327 993 roni,
348 925 461 992 quem
493 909 532 976 in
555 908 713 975 civitate
742 912 940 993 potentem
963 927 1044 975 esse
1074 912 1113 974 et
1142 909 1306 976 amioum
1336 911 1388 978 M.
1409 911 1519 977 Bruti
1552 910 1713 998 videret,

229 1060 421 1126 quemque
449 1046 604 1126 propter
633 1039 991 1108 dissimilitudinem
1022 1059 1169 1106 morum
1199 1040 1356 1123 penitus
1376 1039 1531 1108 odisse-t.
1563 1039 1709 1108 Cicero-

229 1189 317 1236 nem
335 1170 489 1256 autem,
521 1175 564 1237 ut
592 1189 632 1238 se
661 1169 842 1254 periculis
870 1170 1047 1254 eriperet,
1077 1168 1265 1255 cogitasse
1293 1169 1333 1234 in
1365 1167 1504 1235 Siriam
1533 1169 1712 1236 Dolabel-

229 1300 289 1365 lae
319 1300 493 1386 legatum
524 1301 719 1386 navigare.
751 1298 839 1384 Sed,
868 1313 914 1365 ut
942 1303 1050 1382 patet
1078 1318 1123 1366 ex
1152 1299 1331 1383 epistulis
1361 1298 1411 1384 2),
1434 1318 1644 1382 numquam
1675 1301 1713 1366 in

227 1429 369 1496 Siriam
398 1415 586 1517 legatum,
607 1447 739 1496 verum
770 1429 808 1494 in
833 1428 1028 1498 Graeciam
1051 1447 1091 1494 se
1110 1427 1166 1494 ire
1186 1428 1348 1513 paravit,
1374 1447 1423 1495 ne
1453 1447 1551 1512 quae
1571 1429 1713 1496 Romae

225 1557 369 1624 fierent
398 1557 520 1626 oculis
540 1561 724 1643 cerneret,
746 1561 862 1641 atque
894 1561 942 1623 ut¹
964 1557 1093 1623 Marco
1112 1556 1193 1623 filio
1215 1557 1381 1623 Athenis
1410 1555 1573 1653 discenti
1596 1557 1714 1624 inter-

227 1687 388 1755 veniret.
421 1687 690 1774 Quamobrem
707 1688 768 1754 ius
796 1687 940 1754 liberae
969 1686 1177 1773 legationis
1198 1686 1362 1771 petivit;
1394 1686 1495 1769 quod
1519 1691 1563 1753 nt
1592 1685 1713 1770 adipi-

228 1818 409 1898 sceretur,
432 1833 506 1880 non
527 1814 643 1881 ¹modo
663 1813 711 1881 ad
730 1815 986 1900 Dolabellam,
1003 1833 1133 1879 verum
1157 1814 1273 1881 etiam
1295 1814 1342 1881 ad
1364 1811 1575 1882 Antonium
1597 1815 1714 1898 scrip·

227 1941 290 2026 sit,
321 1960 382 2026 ne,
412 1941 441 2008 si
474 1941 521 2008 ad
551 1943 662 2008 illum
693 1943 814 2008 solum
846 1941 1071 2026 scripsisset,
1102 1941 1218 2008 buius
1248 1941 1484 2036 iracundiam
1516 1960 1709 2024 permove-

226 2074 285 2134 ret
315 2069 368 2154 3).’
395 2070 474 2137 Nec
503 2070 705 2138 Dolabella
734 2074 815 2137 tum
848 2076 929 2138 erat
949 2071 988 2136 in
1019 2050 1158 2138 Sirium
1178 2071 1432 2156 profecturus,
1449 2071 1515 2138 sed
1545 2073 1714 2138 exeunte

227 2216 343 2284 anno,
374 2205 574 2283 postquam
615 2200 858 2266 consulatum
898 2198 1138 2282 deposuerat.
1168 2201 1393 2267 Dolabellae
1422 2205 1551 2267 autem
1581 2199 1712 2287 facta,

226 2343 325 2407 quac
356 2313 582 2394 ad'caelurn
613 2327 718 2393 tollit
748 2325 879 2393 Cicero
910 2326 959 2412 4),
981 2327 1138 2394 silentio
1167 2329 1325 2395 omniuo
1354 2328 1537 2412 praeterit
1565 2331 1714 2396 Plutar

227 2450 347 2538 cbus;
378 2453 473 2519 haec
493 2454 570 2521 alia
591 2457 732 2538 narrat,
753 2472 851 2536 quae
872 2453 973 2538 apud
996 2454 1105 2519 illum
1127 2441 1271 2520 frustra
1289 2455 1520 2538 quaerimus}
1543 2453 1710 2523 Hirtium

231 2586 270 2648 et
298 2584 477 2675 Pansam,
508 2586 685 2652 consules
715 2584 950 2672 designatos,
980 2584 1028 2652 ad
1058 2585 1229 2652 Tullium
1251 2586 1402 2653 venisse
1423 2605 1469 2652 ao
1495 2585 1715 2670 promisisse

225 2732 265 2780 se
296 2714 514 2784 Antonium
547 2735 821 2801 oppressuros3
853 2715 1074 2784 Ciceronem
1106 2723 1234 2783 tamen
1265 2691 1310 2783 ea
1339 2735 1409 2784 nec
1428 2717 1610 2784 fidentem
1642 2735 1713 2784 neo

225 2840 463 2911 diffidentem
496 2843 648 2912 audisse
677 2849 717 2910 et
745 2841 829 2911 sine
857 2844 1061 2911 Dolabella
1090 2847 1236 2914 solvere
1265 2847 1523 2914 constituisse.
1561 2847 1617 2913 Fla
1646 2865 1709 2913 uu·

225 2974 301 3036 tem
324 2975 454 3039 mente
471 2971 579 3040 addit
594 2972 811 3040 discessisse
828 2971 943 3059 (quod
959 2974 1041 3057 ipse
1059 2974 1190 3042 Oicero
1211 2975 1438 3060 confirmat),
1459 2979 1504 3041 ut
1518 2974 1708 3042 Kalendis

222 3092 421 3167 Janua'riis
450 3101 626 3186 adesset,
656 3119 732 3183 qur
762 3100 825 3166 die
855 3101 945 3167 novi
974 3104 1150 3169 consules
1181 3104 1450 3190 magistratum
1485 3101 1620 3167 inituri
1652 3120 1707 3168 es·
1805 3119 1808 3125 ’

224 3228 323 3292 sent.
355 3226 430 3293 Sed
459 3211 564 3294 mora
592 3226 735 3293 iniecta
772 3224 1225 3311 navigationi—neque
1264 3248 1353 3295 vero
1383 3226 1600 3312 indicatur,
1631 3245 1708 3310 quo

221 3354 303 3422 loeo
332 3362 371 3422 et
399 3376 475 3440 qua
494 3375 608 3424 causa
627 3356 666 3422 id
683 3355 855 3422 evenerit
870 3391 947 3439 —-‚
969 3375 1055 3421 cum
1094 3358 1274 3424 nuntium
1297 3355 1510 3440 accepisset
1527 3373 1711 3438 -aquo

224 3501 300 3547 nou
330 3481 565 3580 dicitur—,
594 3484 825 3568 Antonium,
856 3487 1006 3550 mutata
1036 3486 1253 3572 voluntate,
1284 3504 1396 3573 agere
1425 3483 1596 3566 coepisse
1626 3479 1709 3549 om-‘

220 3611 286 3677 nia
313 3615 679 3699 oonsilio‘seuatus‚
709 3631 826 3697 seque
856 3613 982 3697 ipsum
1015 3633 1244 3699 magnopere
1273 3613 1494 3696 desiderari,
1524 3611 1702 3680 celeriter

223 3742 438 3830 revertisse,
469 3752 508 3812 et
538 3751 646 3813 tanto
675 3764 759 3811 cum
791 3741 934 3828 gaudio
962 3748 1164 3828 exceptum
1194 3765 1288 3832 esse,
1316 3750 1359 3813 ut
1380 3751 1484 3813 totus
1512 3742 1592 3809 fere
1622 3741 1704 3809 dies

305 4057 338 4138 1)
360 4056 470 4117 Omnia
491 4054 590 4130 eoepit
611 4055 641 4112 iu
665 4073 696 4113 re
720 4074 746 4132 p.
763 4058 901 4133 miscere,
917 4059 992 4119 falsa
1015 4056 1170 4135 profereus
1192 4051 1332 4111 Caesaris
1347 4012 1560 4132 chirographa:
1580 4034 1626 4119 ud
1638 4017 1708 4122 Act.¹

220 4180 307 4253 xiv,
331 4182 378 4251 13,
400 4181 482 4242 ΡΜ.
504 4179 543 4248 n,
566 4179 585 4262 s
606 4178 645 4237 oa
668 4185 697 4237 ai
718 4170 792 4255 §aaa
815 4183 872 4241 nia
892 4183 1024 4254 cassias,
1046 4179 1156 4252 XLIV,
1181 4176 1229 4236 53.

299 4302 332 4379 2)
354 4305 408 4366 arar
429 4297 493 4362 iic.
514 4305 597 4375 xiv,
619 4307 647 4371 τ,
670 4303 1019 4379 xrv‚ia‚1o‚is.s‹ai
1044 4305 1219 4382 aliquandiu
1242 4305 1405 4364 haesitavit
1428 4313 1527 4366 iiiam
1552 4287 1705 4384 proficisci

226 4449 263 4490 au
290 4448 412 4490 manere
434 4430 491 4488 sibi
514 4428 703 4488 conduceret.
728 4431 824 4490 Multa
846 4433 927 4492 euim
951 4435 1113 4492 veniebant
1136 4432 1165 4489 iu
1191 4437 1320 4490 mentem
1346 4432 1374 4491 in
1398 4439 1556 4510 utramque
1579 4442 1706 4512 partem.

224 4552 333 4614 Caedis
350 4551 563 4628 impendentis,
585 4553 691 4627 iuquit,
708 4553 875 4628 periculum
899 4571 955 4614 ooo
979 4554 1054 4612 nibil
1071 4555 1169 4612 vitare
1186 4551 1302 4624 videor,
1318 4553 1368 4611 sed
1384 4571 1508 4614 casurus
1523 4555 1553 4614 in
1570 4549 1712 4634 aliquam
1779 4544 1780 4548 ¹

222 4680 493 4755 vituperationem,
515 4678 592 4754 quod
616 4679 658 4738 rei
685 4697 711 4755 p.
734 4679 881 4740 defuerim
906 4687 967 4740 lam
990 4679 1080 4757 gravi
1102 4686 1248 4756 tempore.
1272 4680 1326 4738 Sin
1349 4685 1448 4739 aulem
1474 4683 1705 4756 manseramus

222 4821 270 4864 me
292 4805 413 4882 quidem
438 4807 527 4866 video
550 4807 580 4865 iu
603 4807 790 4881 discrimine3
812 4809 864 4868 sed
887 4806 1024 4867 accidere
1048 4823 1133 4882 posse
1154 4806 1300 4881 suspicor,
1316 4811 1347 4864 ul
1363 4799 1504 4881 prodesse
1529 4808 1643 4884 possim
1660 4811 1703 4869 rei

217 4931 365 5007 publicae.

235 5059 240 5067 '
299 5055 334 5134 3)
356 5056 409 5116 Ad
429 5057 494 5116 Au.
516 5054 599 5130 le,
622 5059 668 5117 11.
778 5047 780 5053 ’

299 5177 332 5252 4)
357 5180 410 5240 Ad
433 5181 498 5239 Ati.
521 5181 604 5255 XIV,
628 5182 676 5256 15,
699 5183 746 5255 16,
769 5183 850 5244 Plii'l.
874 5183 896 5254 l,
919 5183 938 5257 ἓ
958 5182 986 5241 5.
