4146 5958
466 437 514 505 D?
529 434 714 504 Annonro
729 473 782 486 --
797 437 1014 524 Qnaruuns
1042 437 1313 505 Pnuranosus
1338 440 1422 505 ma
1579 431 1645 502 2³¹

197 648 306 715 csse,
336 630 401 714 qui
443 626 637 714 publicam
673 629 877 713 pecuniam
919 627 961 695 iu
991 625 1129 696 Oilicia
1161 625 1417 713 avertissent,
1447 627 1515 696 sed
1550 629 1682 712 tacet,

199 758 319 828 fuisse
353 759 441 826 illos
477 758 651 826 natione*
670 757 843 826 Graecos.
888 757 964 825 Vix
1002 761 1130 826 autem
1167 743 1312 839 'aliquis
1350 756 1583 842 explicabit,
1618 771 1709 829 cut¹

198 889 303 957 bella
331 891 369 957 in
403 889 538 958 Oilieia
577 893 776 976 suscepta,
806 889 1023 978 dequibus
1051 889 1205 974 copiose
1232 888 1439 972 exponitur
1472 889 1512 956 in
1541 886 1685 972 epistu-

198 1016 247 1084 lis
278 1019 340 1102 18,
371 1019 437 1102 19,
464 1013 515 1084 ab
543 1019 586 1083 et
607 1019 650 1083 21
684 1016 773 1082 libri
802 1016 838 1083 V
867 1015 914 1084 ad
943 1014 1132 1098 Atticum,
1163 1012 1387 1084 brevissime
1416 1013 1616 1102 attingat,
1642 1019 1699 1084 et,

196 1165 263 1213 cur
291 1146 407 1212 initio
449 1145 588 1228 capitis
618 1143 666 1212 at
698 1144 873 1229 dicatur,
903 1142 945 1211 id
974 1142 1076 1227 quod
1105 1165 1182 1210 nou
1213 1141 1389 1212 videmus
1417 1143 1467 1211 in·
1488 1143 1679 1230 epistulis,

196 1275 375 1341 senatum
416 1271 629 1339 decrevisse
668 1269 908 1355 triumphum
937 1268 1110 1338 Oiceroni
1143 1269 1205 1357 1),
1236 1276 1353 1353 atque
1390 1269 1495 1336 hunc
1528 1289 1687 1354 responsi

200 1401 313 1485 disse,
343 1399 532 1468 sibilare
557 1399 785 1485 iucundius,
815 1399 1037 1484 compositis
1067 1399 1267 1471 discordiis
1295 1375 1496 1483 civilibus,
1527 1380 1680 1466 currum

202 1531 312 1614 sequi
355 1527 528 1598 Caesaris
557 1525 834 1612 triumphantis
865 1529 913 1616 2).
946 1529 1095 1616 (bisibus
1134 1530 1259 1598 causis
1288 1529 1514 1616 intellegere
1550 1506 1684 1614 ‘possu-

200 1679 298 1746 mus,
326 1680 404 1728 uon
433 1660 562 1744 ipsum
590 1659 840 1728 Plutarchum
872 1661 1058 1756 epistulas
1087 1659 1288 1744 evolvisse,
1316 1658 1383 1728 sed
1411 1659 1547 1743 aliquo
1569 1660 1683 1743 scrip-

198 1790 281 1857 tore
309 1806 423 1854 usum
451 1805 545 1871 esse,
575 1786 640 1868 qui
671 1787 795 1854 mrrlta
823 1808 869 1856 ex
898 1789 976 1855 illis
1005 1786 1267 1870 excerpsisset.
1299 1783 1415 1870 Apud
1444 1803 1558 1869 quem
1589 1789 1696 1870 puto·

198 1919 338 2005 legisse
379 1936 476 2002 quae
520 1916 651 1985 Oieero
692 1917 745 1984 M.
790 1917 919 1986 (laelio
961 1915 1220 2000 respondisset
1262 1914 1308 1982 ad
1340 1913 1523 1998 quosdam
1544 2003 1547 2007 .
1570 1914 1683 1982 ludos

202 2048 411 2133 pantheras
448 2049 656 2134 expetenti.
687 2048 942 2134 Respondisse
972 2049 1040 2132 ait,
1071 2067 1147 2115 non
1178 2066 1260 2114 esse
1288 2047 1327 2112 in
1360 2045 1497 2116 Oilicia
1525 2047 1685 2132 panthe-

201 2199 289 2266 ras,
318 2180 386 2246 sed
414 2199 547 2247 omnes
576 2181 616 2246 in
646 2179 796 2248 Uariam
827 2179 1010 2265 migrasse
1027 2199 1045 2264 ,·
1067 2175 1169 2261 quod
1198 2195 1311 2264 aegre
1338 2175 1508 2259 ferrent,
1538 2157 1684 2260 pacatis

203 2309 400 2394 omnibus,
424 2329 464 2376 se
485 2329 582 2377 unos
611 2309 713 2376 bello
741 2308 930 2376 infestari.
951 2307 1034 2376 Non
1066 2308 1181 2391 plane
1209 2306 1432 2389 conspirant
1460 2325 1546 2372 cum
1573 2304 1683 2374 Grae·

201 2440 256 2507 cis
275 2440 391 2506 verba
407 2439 619 2527 Ciceronis,
649 2459 746 2524 quae
767 2442 860 2508 sunt
887 2439 993 2507 haec:
1029 2463 1042 2502 c
1063 2440 1121 2506 De
1152 2437 1350 2522 pantheris
1370 2455 1519 2521 percos
1539 2437 1686 2521 quive·

203 2568 288 2634 nari
317 2569 444 2634 solent
467 2567 602 2654 'agitur
631 2567 816 2634 mandatu
846 2585 931 2634 meo
959 2566 1179 2652 diligentem
1209 2563 1276 2632 sed
1301 2563 1399 2630 mira
1418 2565 1594 2648 paucitas
1612 2569 1702 2649 est„

204 2699 244 2763 et
272 2715 336 2763 cas
365 2695 463 2780 quae
492 2699 585 2763 sunt
614 2696 725 2764 valde
754 2697 866 2764 aiunt
895 2695 1017 2780 queri,
1037 2693 1137 2778 quod
1169 2695 1268 2762 nihil
1297 2696 1436 2778 cuique
1456 2689 1684 2783 insidiarum

204 2825 249 2891 in.
264 2844 350 2892 mea
379 2825 683 2912 provinciarum
707 2824 793 2910 sibi,
823 2825 904 2892 fiat.
924 2825 1062 2908 Itaque
1083 2823 1330 2891 constituisse
1357 2791 1540 2893 dicuntur
1559 2822 1599 2912 in
1622 2819 1688 2890 Oa·

204 2956 300 3024 riam
327 2975 375 3023 ex
407 2959 539 3024 nostra
579 2955 778 3040 provincia
805 2953 1000 3023 decedere.
1040 2955 1114 3022 Sed
1148 2960 1278 3022 tamen
1308 2953 1443 3021 sedulo
1480 2953 1524 3021 fit
1553 2957 1626 3020 etc.
1654 2978 1688 3022 a.
1794 2979 1797 2988 ’

205 3053 252 3148 ln
281 3086 452 3150 extrema
489 3087 617 3150 antem
654 3082 792 3166 capitis
813 3086 920 3167 parte
953 3081 1048 3150 haec
1076 3082 1218 3167 scripta
1246 3081 1433 3151 videmus:
1463 3083 1506 3160 εἰς
1527 3085 1580 3168 τὴν
1603 3081 1698 3154 πόλιν.

204 3205 388 3292 ἐπανῆλθεν,
403 3207 462 3292 ἢδη
485 3213 544 3272 τῶν
558 3206 744 3293 πραγμάτων
767 3208 869 3293 ὥσπερ
882 3206 944 3291 ὑπὸ
959 3206 1131 3294 φλεγμονῆς
1152 3207 1360 3295 ἀφισταμένων
1382 3209 1451 3294 περὶ
1473 3208 1526 3273 τὸν
1549 3205 1692 3294 ἐμφύλιον

207 3330 348 3416 πόλεμον
373 3332 413 3400 in
445 3332 628 3426 Cicerone
657 3333 705 3402 ad
734 3333 824 3400 fam.
844 3331 952 3417 XVI,
975 3335 1036 3400 11:
1072 3333 1189 3420 «Ego
1217 3333 1265 3400 ad
1295 3332 1427 3401 urbem
1456 3333 1596 3429 accessi
1618 3333 1691 3417 pri·

206 3456 268 3524 die
297 3459 395 3528 Non.
426 3461 549 3531 Iam...
585 3462 710 3531 Incidi
755 3463 794 3529 in
825 3462 947 3546 ipsam
977 3460 1167 3528 flammam
1199 3463 1324 3528 civilis
1353 3460 1579 3546 discordiae,
1609 3461 1691 3528 sive

207 3587 337 3670 potius
367 3589 459 3656 belli
481 3617 525 3678 a,
542 3591 777 3661 Persuadere
806 3592 891 3658 vult
920 3589 1129 3676 cranaus,
1158 3586 1409 3659 Plutarchum
1439 3594 1529 3657 ante
1559 3591 1690 3656 oculos

205 3713 387 3789 habuisse
415 3719 519 3787 huuc
539 3721 664 3788 locum
704 3720 941 3803 Tullianum,
971 3718 1038 3785 sed
1066 3738 1195 3788 vocem
1219 3722 1401 3805 florentem
1430 3738 1498 3803 per
1526 3737 1688 3785 errorem

208 3843 505 3930 interpretatum
522 3869 603 3918 esse
618 3851 676 3915 ὑπὸ
691 3850 873 3937 φλεγμονῆς.
888 3851 972 3918 Nou
995 3870 1187 3936 assequor,
1203 3870 1271 3918 cur
1289 3853 1360 3929 hoc
1377 3853 1551 3935 oportent
1571 3849 1688 3933 suspi-

209 3975 300 4044 cari.
330 3978 369 4045 si
399 3981 630 4050 Plutarchus
663 3979 907 4064 interpretari
940 3980 1382 4052 voluissetvocabulum
1404 3983 1571 4066 flammo,
1600 3977 1689 4046 faoi-

208 4106 284 4174 lius
313 4107 472 4178 dixisset
489 4109 621 4198 φλέγμα.
645 4111 778 4198 Longe
806 4110 884 4176 alia
905 4109 1007 4176 mihi
1028 4109 1183 4178 videtur
1209 4110 1327 4179 fuisse
1358 4130 1466 4178 mens
1494 4108 1691 4195 scriptoris

209 4419 296 4478 Nihil
311 4435 363 4494 per
378 4415 699 4477 cubicularium.Ante
714 4418 811 4480 lucem
829 4421 1058 4482 inambulabam
1075 4423 1197 4482 domi».
1211 4423 1248 4480 Et
1265 4421 1445 4482 Plutarchus
1456 4424 1506 4492 ait,
1522 4423 1587 4482 eins
1602 4423 1693 4484 aedes
1775 4428 1777 4432 ’

210 4540 293 4603 nullo
316 4543 446 4602 ianitore
468 4542 576 4610 teneri,
598 4559 650 4600 uec
672 4559 742 4602 eum
764 4545 923 4603 cubantem
941 4563 1123 4622 equaquam
1144 4550 1338 4620 conspectum
1354 4562 1428 4618 esse,
1442 4544 1495 4604 sed
1509 4547 1608 4622 prima
1625 4547 1690 4605 lnce

210 4676 281 4728 anta
302 4669 426 4729 domum
449 4684 534 4726 snam
558 4671 687 4725 stantem
711 4674 761 4728 aut
777 4669 1025 4730 obambulantem
1041 4671 1205 4730 salutantes
1220 4643 1386 4745 excepisse.
1409 4670 1481 4730 Alia
1496 4646 1688 4750 ponitqprac-

212 4792 304 4852 missa
326 4809 400 4851 voce
420 4798 539 4865 λέγεται,
563 4809 620 4869 qna
643 4793 774 4852 ostendit
798 4761 852 4852 illa
875 4811 906 4852 se
928 4811 986 4852 non
1009 4793 1086 4870 apud
1108 4794 1285 4854 Ciceronem
1310 4793 1429 4877 legisse.

291 4914 324 4994 1)
349 4915 591 4992 Supplicationes
613 4917 751 4976 decretae
783 4926 851 4978 sunt
876 4937 938 5006 pro
967 4921 1056 4980 rebus
1077 4921 1151 4980 bene
1171 4921 1265 4997 gestis
1295 4921 1325 4982 in
1347 4922 1509 4998 provincia
1533 4923 1591 5002 (cd
1605 4891 1706 5000 fam..

213 5041 252 5113 ΙΙ,
275 5039 336 5117 15).

293 5167 326 5242 ⁶2)
349 5165 445 5224 Multa
468 5167 655 5244 persuadent,
678 5185 743 5228 nen·
759 5169 1092 5247 potuissetlicerouem
1114 5169 1262 5231 eiusmodi
1286 5171 1379 5233 rerba
1400 5173 1604 5240 conscribere.
