4146 5958
454 419 458 426 ’
491 447 739 515 D’Annomo
755 487 807 497 —
823 448 1041 536 Quarnuns
1068 449 1336 517 Pnnrancnns
1363 455 1447 518 nr'c.
1482 539 1485 547 Ι
1631 456 1653 518 5

330 641 432 708 Puse
461 646 591 709 antem
622 646 870 726 exponuntur
898 640 1093 710 Ciceronis
1122 641 1223 709 facta
1251 661 1348 725 quac
1378 661 1531 710 causam
1556 645 1706 712 Roscia·

223 789 311 838 nam
333 771 538 838 subsecuta
558 774 662 837 sunt.
689 768 746 836 Ac
774 769 944 853 profecto
975 769 1232 836 narrationem
1262 770 1445 837 itinerum
1475 771 1706 843 studiorum-

223 921 309 986 que,
331 902 371 967 in
402 901 543 984 quibus
572 901 639 967 1116
668 904 841 967 versatus
870 905 971 968 esset
999 919 1043 967 6ο
1063 904 1247 986 tempore,
1274 921 1358 969 cum
1381 903 1519 970 leviter
1537 904 1708 975 animad-

221 1031 436 1116 vertissem,
453 1051 499 1099 61
513 1032 633 1097 Bruto
651 1030 831 1097 Tulliano
847 1029 1001 1096 fluxisse
1017 1029 1248 1115 existimavi,
1268 1034 1384 1114 atquo
1403 1030 1498 1101 adeo
1518 1035 1708 1102 nonnulla

221 1162 268 1228 ed
299 1163 458 1229 verbum
488 1182 676 1248 expressa.
699 1161 786 1246 Sed,
803 1163 873 1228 ubi
902 1163 1016 1246 paulo
1036 1161 1226 1228 attentius
1245 1163 1347 1228 locos
1368 1163 1570 1246 utriusque
1590 1166 1704 1250 scrip*

218 1294 316 1360 toris
359 1293 506 1360 contuli
551 1297 667 1375 atque
705 1292 897 1376 expendi,
928 1291 1074 1358 dehac
1103 1289 1342 1358 derivatione
1373 1291 1550 1360 dubitare
1579 1296 1703 1380 coepi.
1757 1279 1759 1284 ’

217 1422 356 1488 Narrat
390 1422 493 1488 enim
523 1395 781 1501 Plutarchus,
813 1401 1133 1502 quemadmodum
1165 1418 1281 1486 etiam
1312 1419 1495 1503 scriptum
1527 1420 1703 1492 videmus

217 1551 255 1616 in
287 1551 411 1617 Bruto
441 1552 474 1638 11
504 1549 606 1636 313),
627 1549 884 1636 gracilitatem
915 1548 1258 1632 infirmitatemque
1287 1549 1454 1633 corporis
1477 1554 1561 1616 tum
1583 1550 1703 1619 fuisse

217 1680 257 1745 in
291 1680 497 1764 Cicerone3
529 1679 640 1746 valde
670 1679 717 1745 ab
747 1698 792 1745 eo
821 1678 1012 1761 discrepat
1040 1681 1158 1761 atque
1187 1679 1226 1744 in
1258 1677 1505 1762 manifestum
1537 1699 1699 1749 errorem

216 1805 376 1892 labitur,
393 1826 478 1873 cum
500 1806 749 1890 profectionis
778 1824 929 1872 causam
961 1805 1081 1872 fnisse
1109 1805 1239 1872 tradat
1260 1806 1392 1873 Sullae
1414 1811 1572 1894 metum,
1589 1811 1699 1879 cuius

217 1933 284 2002 1116
328 1936 462 2002 Roscio
492 1932 734 2002 defendendo
774 1933 1081 2020 indignationem
1115 1934 1310 2000 movisset.
1341 1932 1503 2001 Constat
1531 1954 1551 2002 e
1581 1937 1701 2006 Bruto

217 2065 248 2151 (1
279 2067 384 2152 3141,
406 2064 626 2132 Ciceronem
658 2068 744 2147 post
773 2081 924 2130 oausam
956 2061 1182 2129 Roscianum
1212 2062 1308 2128 alias
1338 2064 1480 2130 multas
1500 2063 1641 2132 dixisse
1662 2070 1701 2132 et

216 2191 367 2263 duobus
397 2193 626 2279 posternis
656 2195 775 2260 Roma
804 2192 1015 2277 profectum
1047 2211 1140 2258 csse.
1166 2191 1396 2258 Plutarchus
1425 2197 1553 2260 autem
1585 2196 1700 2262 silen-

216 2326 271 2392 tio
292 2306 488 2409 praeterit,
506 2329 592 2389 eum
614 2323 652 2387 in
677 2321 839 2389 dicendo
868 2321 971 2406 apud
991 2323 1231 2389 Demetrium
1254 2323 1391 2409 Syrum
1412 2343 1452 2390 66
1472 2326 1697 2412 61616111666;

214 2459 254 2520 61
290 2474 377 2521 cnm
407 2451 558 2519 dicendi
604 2451 807 2538 magistros
851 2457 1147 2536 commemoret,
1178 2470 1273 2535 quos
1302 2453 1368 2520 ille
1397 2452 1591 2539 audierit,
1620 2475 1697 2522 non

214 2583 394 2669 eundem,
415 2603 526 2666 qncm
561 2582 735 2649 'videmus
764 2583 804 2648 in
836 2584 970 2667 Brute,
991 2582 1162 2649 ordinem
1195 2584 1382 2670 aequitum
1412 2573 1587 2669 Menippi
1617 2588 1697 2653 lau-

213 2713 279 2781 des
322 2714 608 2798 praetermittit,
639 2713 890 2796 Apollonium
921 2713 1093 2796 appellat
1121 2713 1287 2779 Molonis
1316 2713 1454 2794 filium,
1485 2715 1525 2780 in
1556 2715 1695 2784 mirum

213 2864 375 2912 errorem
397 2847 539 2930 lapsus3
561 2845 648 2912 aliis
669 2845 864 2930 magistris
887 2845 995 2912 addit
1014 2843 1278 2930 Posidonium,
1300 2846 1410 2914 cuius
1430 2867 1568 2915 nomen
1590 2848 1698 2917 deest

213 2977 251 3041 in
282 2977 414 3059 Bruto;
446 2975 613 3058 denique
643 2975 969 3041 narratiunculam
1001 2973 1160 3056 exponit
1188 2973 1235 3040 de
1265 2972 1447 3042 Cicerone
1475 2976 1615 3044 Graece
1636 2976 1696 3050 de·

211 3103 402 3170 clamante
431 3101 532 3186 apud
564 3101 830 3186 Apollonium,
852 3120 963 3185 quam
996 3121 1071 3167 non
1103 3120 1148 3167 61
1177 3101 1308 3185 aliquo
1337 3103 1479 3186 scripto
1499 3105 1694 3193 Tulliano,

211 3232 326 3310 sede
370 3233 562 3300 rhetorum
609 3231 769 3298 officinis
812 3230 966 3297 fluxisse
1009 3229 1216 3297 admodum
1246 3237 1304 3298 661
1334 3225 1557 3300 verisimile.
1590 3233 1694 3320 Quas

209 3341 487 3444 discrepantias
516 3364 559 3425 nt
588 3347 849 3444 explicemus,
879 3359 919 3425 in
949 3357 1144 3441 duplicem
1173 3359 1430 3426 coniecturam
1462 3359 1692 3450 incidimrm,

209 3493 276 3554 aut
304 3488 556 3556 Plutarchum
588 3487 783 3555 Ciceronis
812 3489 1071 3554 narrationem
1102 3488 1140 3554 in
1173 3487 1443 3571 compendium
1473 3489 1692 3578 redegisse,

208 3618 321 3685 rebus
349 3599 526 3684 adiectis
563 3636 608 3683 ex
638 3617 715 3682 alio
743 3616 851 3683 sonte
881 3616 1040 3702 petitis,
1071 3620 1140 3683 ant
1168 3616 1333 3700 quodam
1365 3617 1549 3700 scriptore
1580 3639 1691 3686 nsum

208 3768 301 3834 esse,
332 3749 398 3832 qui
427 3769 486 3815 res
502 3747 701 3850 Tullianos
731 3747 968 3830 exposuisset
997 3747 1129 3829 aliqua
1156 3765 1202 3812 ex
1231 3750 1338 3830 parte
1367 3751 1623 3816 commutatas
1652 3755 1691 3816 et

206 3849 350 3944 auctas.
373 3875 446 3942 Sed
476 3877 583 3949 illam
614 3875 833 3958 opinionem
866 3876 932 3958 qui
964 3879 1147 3958 sequatur
1175 3875 1239 3940 vix
1269 3873 1459 3960 expediet,
1479 3895 1691 3945 curnarra·

207 4007 353 4074 tionem
384 4005 604 4073 Tullianam
634 4004 867 4070 Plutarchus
896 4005 1118 4090 mutaverit,
1139 4008 1178 4071 et
1207 4024 1286 4088 qua
1313 3997 1431 4072 causa
1455 4006 1496 4072 in
1527 4025 1690 4074 errorem

205 4144 340 4222 raptus
371 4138 434 4205 sit.
456 4106 592 4202 Altera
620 4135 856 4218 probabilior
884 4135 1001 4201 etiam
1032 4135 1174 4202 idcirco
1195 4137 1370 4220 putanda
1390 4142 1460 4223 est,
1481 4136 1584 4220 quod
1602 4137 1691 4205 Plu·

206 4267 364 4334 tarchus
384 4266 431 4333 de
452 4263 649 4332 Ciceronis
668 4269 821 4347 recepta
841 4263 1008 4331 sanitate
1030 4264 1202 4347 loquitur
1221 4265 1327 4348 pri-us
1347 4283 1462 4347 quam
1483 4264 1530 4331 de
1549 4264 1688 4332 itinere

205 4399 244 4464 in
275 4397 423 4482 Asiam,
453 4417 540 4464 cum
570 4397 610 4463 in
640 4397 764 4463 Bruto
791 4401 882 4463 ante
911 4395 958 4461 de
987 4395 1140 4481 itinere,
1161 4398 1248 4478 post
1277 4393 1324 4460 de
1354 4413 1507 4478 corpore
1537 4394 1688 4462 firmato

203 4527 427 4611 viribusque
456 4528 609 4596 refectis
637 4531 872 4612 exponatur·
889 4524 946 4592 Ac
975 4543 1098 4592 rernm
1131 4523 1345 4611 dispositio,
1367 4543 1481 4608 quam
1512 4520 1711 4592 videmus

203 4657 243 4723 in
275 4659 408 4744 Bruto,
426 4679 493 4726 cur
521 4660 670 4726 variata
689 4659 741 4725 sit·
762 4658 799 4724 in
822 4657 915 4741 vita,
933 4675 1009 4722 non
1031 4655 1144 4723 facile
1165 4655 1450 4742 intellegemus,
1466 4655 1541 4721 nisi
1563 4656 1686 4722 conie-

202 4786 379 4872 cerimns,
401 4785 503 4870 apud
534 4787 653 4854 alium
684 4786 907 4869 scriptorem
937 4804 995 4852 res
1025 4803 1069 4850 eo
1089 4783 1223 4850 ordine
1244 4783 1435 4867 expositas
1456 4801 1550 4870 esse,
1572 4804 1682 4868 quem

201 4915 433 4982 Plutarchus
462 4915 570 4998 sequi
600 4915 792 4983 maluerit.

310 5043 441 5146 Cicero
469 5062 673 5129 nusquam,
702 5044 777 5111 nisi
808 5042 932 5129 fallor,
963 5041 1145 5130 tradidit,
1175 5043 1276 5128 quod
1305 5047 1365 5111 est
1392 5043 1495 5128 apud
1523 5043 1681 5128 scripto·

200 5189 280 5237 rem
310 5171 510 5258 Graecum,
540 5191 579 5240 se
607 5190 654 5238 ex
681 5169 777 5238 Asia
804 5170 1031 5239 redeuntem
1051 5171 1215 5256 Delphis
1244 5173 1441 5244 oraculum
1461 5171 1683 5246 116666611-
