4146 5958
360 403 407 466 12
563 401 611 466 D’
626 400 810 469 Anuomo
825 441 877 450 -
893 401 1109 486 Quarnnus
1138 399 1404 468 Pnurnnouus
1434 417 1516 468 nro

304 591 460 659 domum
490 595 618 661 allatis
648 579 800 661 non'fit
829 594 974 693 mentio
1004 595 1043 660 in
1076 593 1313 661 (latilinariis
1344 613 1468 677 neque
1494 594 1533 660 in
1556 595 1644 660 aliis
1664 596 1784 679 operi-

305 722 375 790 bus
404 723 606 810 Tullianis,
629 743 726 808 quae
754 723 908 808 quidem
939 728 1112 808 exstent;
1142 744 1220 790 rem
1250 718 1481 792 Plutarchus
1506 725 1550 811 (c.
1571 723 1632 810 15)
1653 725 1785 792 hausit
1853 804 1855 806 ¹

303 871 325 918 e
353 853 464 939 libro,
481 872 593 937 quem
626 853 757 922 Oicero
791 854 838 920 de
871 873 940 921 suo
970 855 1172 921 consulatu
1204 853 1346 922 Graece
1376 854 1602 938 composuit.
1632 825 1813 921 Diserte

285 973 405 1050 ‘enim
437 983 500 1050 hic
528 984 628 1050 liber
654 983 837 1052 laudatur
866 985 904 1050 in
936 983 1017 1052 vita
1046 983 1170 1052 Crassi
1200 1003 1231 1051 c.
1264 985 1339 1069 13,
1369 984 1433 1050 ubi
1465 983 1595 1050 eadem
1628 983 1783 1050 tradun-

303 1116 379 1180 tur.
409 1114 485 1180 Vix
523 1118 649 1180 autem
691 1117 750 1180 est
779 1112 988 1197 credibile,
1018 1112 1119 1196 quod
1150 1112 1302 1198 subicit,
1333 1113 1512 1196 epistulis
1541 1113 1713 1180 recitatis
1743 1113 1792 1178 in-

303 1247 454 1327 senatu,
476 1247 556 1308 tum
588 1239 754 1326 primum
785 1241 972 1308 detectam
1005 1259 1086 1307 esse
1116 1241 1421 1308 coniurationem
1452 1246 1492 1308 et
1520 1245 1678 1308 senatus
1699 1260 1784 1308 con-

303 1371 447 1437 sultum
480 1369 652 1456 factum,
683 1370 859 1436 viderent
893 1371 1082 1454 consules,
1112 1390 1161 1438 ne
1191 1369 1284 1454 quid
1313 1370 1531 1454 respublica
1560 1369 1781 1436 detrimenti

303 1505 467 1585 caperet.
490 1501 591 1587 Quid
620 1501 723 1569 enirn
754 1502 971 1589 argumenti
995 1499 1136 1568 'afferro
1166 1506 1344 1586 poterant
1374 1501 1563 1585 epistulae
1584 1505 1783 1568 auctorum,

303 1611 459 1696 nomine
490 1627 692 1696 carentes?
722 1629 828 1716 Quae
857 1631 889 1697 si
919 1614 1017 1695 tanti
1050 1629 1234 1696 momenti
1266 1634 1387 1714 erant,
1409 1646 1476 1694 cnr
1500 1647 1564 1694 eas
1584 1647 1807 1728 uunquam

304 1757 436 1826 Oicero
466 1760 504 1825 in
536 1759 774 1826 Catilinariis
796 1757 989 1842 respexiti
1017 1760 1155 1826 Nonne
1175 1760 1309 1826 multis
1330 1760 1520 1842 certisque
1542 1758 1697 1825 indiciis
1718 1757 1799 1843 (la-¹
1826 1736 1829 1739 ’

302 1892 439 1958 tilinae
467 1892 732 1974 sociorumque
756 1893 917 1959 consilia
937 1896 1047 1959 erant
1067 1890 1287 1976 explorata?
1308 1891 1484 1959 Ceterum
1507 1894 1659 1958 constat
1681 1889 1783 1955 inter

303 2017 447 2104 orrines,
477 2024 634 2087 senatus
663 2021 896 2101 consultum,
923 1998 997 2104 nuo
1026 2040 1177 2103 summa
1206 2026 1375 2105 potestas
1405 2020 1535 2087 delata
1563 2023 1622 2086 est
1651 2037 1781 2084 consu·

301 2146 431 2231 libus,
461 2146 604 2213 factum
645 2165 727 2214 esse
764 2167 840 2214 uon
880 2153 966 2231 post
1000 2153 1199 2232 acceptum
1230 2149 1411 2215 nuntium
1444 2148 1490 2215 de
1519 2148 1713 2214 militibus
1741 2147 1804 2212 in·

301 2275 495 2342 Etruriam
517 2295 539 2342 a
558 2276 706 2342 Manlio
735 2279 990 2364 congregatis,
1013 2286 1057 2343 ut
1077 2279 1162 2344 vult
1181 2278 1424 2362 Plutarchus,
1443 2277 1507 2345 sed
1529 2277 1594 2342 ubi
1616 2277 1781 2361 primum

302 2403 1780 2490 ffioemrmcwmmmweemmminsfflmmrmrwmmtmmmmmi

301 2529 437 2602 diebus
475 2538 565 2601 ante
596 2535 694 2600 diem
726 2535 782 2601 VI
811 2535 903 2602 ldus
931 2534 1189 2620 Novembres).
1229 2534 1299 2600 Ait
1327 2534 1430 2599 enirn
1461 2533 1500 2597 in
1532 2532 1655 2616 prima
1684 2531 1785 2598 Cati·
1824 2565 1829 2572 ·

300 2661 370 2728 lin.
400 2663 419 2745 t
450 2663 498 2728 3:
534 2662 771 2728 «Habemus
800 2663 1179 2729 senatusconsultum
1210 2661 1248 2727 in
1280 2665 1331 2746 te,
1361 2659 1543 2745 Catilina,
1574 2661 1782 2727 vehemens

300 2792 339 2853 et
367 2807 502 2874 grave3
533 2808 607 2855 non
640 2789 747 2856 deest
775 2789 829 2854 rei
860 2788 1036 2872 publicae
1061 2790 1263 2857 consilium
1288 2807 1413 2872 neque
1433 2789 1642 2870 alletoritas
1663 2789 1781 2854 huius

300 2893 472 3003 ordinis}
502 2938 598 3006 nos,
631 2939 725 3004 nos,
756 2918 840 2986 dico
870 2924 1012 3004 aperte,
1042 2920 1218 2986 eonsules
1248 2918 1485 2985 desumus».
1516 2920 1621 3005 Quae
1651 2924 1779 3007 autem
1836 2986 1842 2998 ,

267 3015 270 3022 ’
301 3051 506 3112 narrantur
534 3047 660 3130 capite
690 3046 959 3131 sextodecimo,
990 3067 1035 3114 ea
1068 3048 1151 3114 sine
1186 3046 1303 3113 dubio
1333 3066 1408 3113 non
1442 3045 1601 3113 manant
1630 3065 1676 3112 ex
1704 3019 1786 3112 ora·¹

300 3175 473 3242 tionibus
503 3177 705 3245 Tullianis.
735 3178 910 3259 Namque
940 3177 979 3243 in
1010 3177 1070 3242 his
1099 3195 1177 3242 non
1207 3177 1430 3262 reperimus,
1453 3175 1668 3243 x(latilinam
1700 3194 1781 3241 esse

300 3304 511 3388 profectum
543 3305 590 3371 ad
620 3295 828 3372 exercitum
860 3307 1101 3373 Manlianum
1132 3310 1222 3372 ante
1252 3325 1367 3388 quam
1393 3311 1550 3373 senatus
1575 3307 1783 3372 haberetur

301 3435 341 3500 iu
374 3437 518 3519 templo
547 3435 650 3502 Iovis
681 3437 856 3521 Statoris,
878 3437 943 3503 ubi
976 3437 1227 3520 pronuntiata
1255 3440 1313 3504 est
1342 3438 1466 3520 prima
1493 3437 1615 3503 oratio
1645 3436 1692 3500 iii·
1717 3433 1782 3502 Oa·

299 3567 451 3633 tilinam
482 3571 723 3651 praesentem
754 3549 987 3656 (antediem
1019 3570 1073 3637 VI
1102 3568 1159 3636 Id.
1189 3551 1473 3658 Nor.)'.'Neque
1503 3568 1601 3635 illud
1629 3567 1705 3634 iter
1724 3571 1782 3633 est

298 3694 505 3762 admodum
527 3696 754 3781 verisimile;
776 3717 942 3780 namque
962 3718 1038 3764 non
1062 3698 1145 3776 sine
1167 3699 1337 3782 periculo
1357 3699 1494 3766 fuisset
1514 3716 1639 3782 neque
1661 3697 1778 3762 ullam

279 3821 497 3889 habuisset
517 3824 860 3906 opportunitatem.
877 3824 943 3910 At,
961 3822 1167 3892 Catilinam
1191 3827 1339 3893 misisse
1362 3827 1428 3910 qui
1450 3826 1521 3894 sub
1542 3827 1704 3910 speciem
1728 3801 1802 3890 sa·-

298 3952 450 4018 lutandi
482 3953 720 4021 trucidarent
749 3957 958 4041 consulem,
980 3962 1146 4024 testatur
1165 3958 1246 4042 ipse
1268 3956 1417 4043 Oicer03
1448 3958 1515 4042 qui
1541 3962 1670 4024 tamen
1702 3975 1778 4022 non

298 4081 425 4167 addit,
456 4082 502 4149 de
531 4083 592 4150 his
621 4084 775 4151 insidiis
804 4104 871 4168 per
899 4086 1076 4170 Fuluiam
1107 4105 1147 4152 se
1176 4086 1320 4153 factum
1351 4107 1432 4155 esse
1462 4087 1684 4170 certiorem,
1714 4084 1780 4152 sod

301 4212 465 4295 quadam
490 4207 714 4298 'suspicione
745 4215 925 4301 ductum,
956 4217 1042 4283 illos
1070 4216 1316 4308 insidiatores
1345 4221 1541 4302 venturos,
1573 4214 1707 4281 multis
1737 4233 1779 4280 ac
1873 4203 1876 4206 ’

297 4341 457 4407 summis
478 4341 569 4408 viris
589 4342 822 4426 praedixisse
846 4342 893 4429 1).
920 4343 992 4430 Qui
1015 4351 1145 4412 autem
1167 4345 1231 4411 isti
1252 4344 1410 4432 fuerint,
1436 4345 1593 4412 silentio
1614 4355 1779 4428 praeter·

298 4471 421 4538 mittit
449 4472 489 4538 in
521 4473 785 4560 Catilinariis;
817 4494 951 4560 unum,
983 4473 1024 4543 O.
1056 4475 1300 4561 Cornelium,
1322 4477 1507 4543 nominat
1535 4476 1576 4542 in
1607 4474 1779 4543 oratione

289 4599 358 4688 ¹pro
377 4601 495 4686 Solio,
517 4607 537 4688 t
559 4608 624 4674 52:
647 4605 879 4674 Plutarchus
899 4605 1048 4674 indicat
1061 4607 1248 4674 Marcium
1269 4613 1309 4674 et
1328 4606 1541 4704 Oethegum
1565 4608 1622 4696 2);
1643 4608 1683 4672 et
1702 4605 1778 4672 val-

376 4876 406 4953 1)
429 4878 468 4938 In
492 4875 582 4938 Cutil.
606 4877 629 4950 I,
651 4879 670 4955 ἓ
693 4879 738 4939 10.
762 4880 836 4939 Cum
860 4879 1025 4939 Plutarcho
1045 4881 1234 4940 consentiunt
1256 4881 1419 4942 Sallustius
1440 4899 1464 4940 c.
1488 4882 1529 4941 28
1550 4888 1579 4942 et
1602 4881 1778 4958 Appianas,
1847 4875 1850 4884 ’

293 4999 328 5059 Β.
353 4999 496 5069 c.11,3.
547 5027 572 5057 :¹
969 5005 971 5007 ’

375 5126 411 5203 2)
430 5125 593 5188 Sallustius
615 5128 709 5189 fuisse
731 5129 884 5210 i1·adii(c.
906 5131 959 5209 28)
981 5132 1205 5193 deomedum
1228 5139 1256 5192 el
1281 5133 1312 5193 1..
1336 5133 1567 5211 Vargunteium.
1647 5175 1654 5214 3
