<?xml version="1.0" encoding="UTF-8"?>
<!DOCTYPE html PUBLIC "-//W3C//DTD XHTML 1.0 Transitional//EN"
    "http://www.w3.org/TR/xhtml1/DTD/xhtml1-transitional.dtd">
<html xmlns="http://www.w3.org/1999/xhtml" xml:lang="en" lang="en">
 <head>
  <title>
</title>
<meta http-equiv="Content-Type" content="text/html;charset=utf-8" />
  <meta name='ocr-system' content='tesseract 3.04.00' />
  <meta name='ocr-capabilities' content='ocr_page ocr_carea ocr_par ocr_line ocrx_word'/>
</head>
<body>
  <div class='ocr_page' id='page_1' title='image "./quatenusplutarc00addogoog_0015.png"; bbox 0 0 4146 5958; ppageno 0'>
   <div class='ocr_carea' id='block_1_1' title="bbox 347 413 1607 500">
    <p class='ocr_par' dir='ltr' id='par_1_1' title="bbox 347 413 1607 500">
     <span class='ocr_line' id='line_1_1' title="bbox 347 413 1607 500; baseline 0 -20"><span class='ocrx_word' id='word_1_1' title='bbox 347 418 368 480; x_wconf 83' lang='lat'>2</span> <span class='ocrx_word' id='word_1_2' title='bbox 542 415 590 482; x_wconf 85' lang='lat' dir='ltr'><strong>D’</strong></span> <span class='ocrx_word' id='word_1_3' title='bbox 611 413 795 481; x_wconf 83' lang='lat' dir='ltr'><strong>Aunozro</strong></span> <span class='ocrx_word' id='word_1_4' title='bbox 812 451 862 462; x_wconf 90' lang='lat'><em>-</em></span> <span class='ocrx_word' id='word_1_5' title='bbox 883 413 1099 500; x_wconf 76' lang='lat' dir='ltr'><strong>anrunus</strong></span> <span class='ocrx_word' id='word_1_6' title='bbox 1128 414 1395 480; x_wconf 80' lang='lat' dir='ltr'><strong>Pnnrnaorrus</strong></span> <span class='ocrx_word' id='word_1_7' title='bbox 1423 429 1506 481; x_wconf 82' lang='lat' dir='ltr'><strong>nro.</strong></span> <span class='ocrx_word' id='word_1_8' title='bbox 1604 431 1607 437; x_wconf 88' lang='lat'>·</span> 
     </span>
    </p>
   </div>
   <div class='ocr_carea' id='block_1_2' title="bbox 231 597 1775 3032">
    <p class='ocr_par' dir='ltr' id='par_1_2' title="bbox 231 597 1775 3032">
     <span class='ocr_line' id='line_1_2' title="bbox 291 597 1775 703; baseline -0.001 -29"><span class='ocrx_word' id='word_1_9' title='bbox 291 611 352 676; x_wconf 87' lang='lat' dir='ltr'><strong>rat</strong></span> <span class='ocrx_word' id='word_1_10' title='bbox 382 609 638 691; x_wconf 75' lang='lat' dir='ltr'><strong>incorruptam</strong></span> <span class='ocrx_word' id='word_1_11' title='bbox 670 611 796 674; x_wconf 91' lang='lat' dir='ltr'><strong>rerum</strong></span> <span class='ocrx_word' id='word_1_12' title='bbox 826 597 1017 703; x_wconf 80' lang='lat' dir='ltr'><strong>gestarum</strong></span> <span class='ocrx_word' id='word_1_13' title='bbox 1050 604 1162 672; x_wconf 89' lang='lat' dir='ltr'><strong>fidem</strong></span> <span class='ocrx_word' id='word_1_14' title='bbox 1194 605 1438 687; x_wconf 88' lang='lat' dir='ltr'><strong>virorumque</strong></span> <span class='ocrx_word' id='word_1_15' title='bbox 1460 603 1629 671; x_wconf 79' lang='lat' dir='ltr'>indolem</span> <span class='ocrx_word' id='word_1_16' title='bbox 1650 605 1699 672; x_wconf 89' lang='lat' dir='ltr'><strong>ad</strong></span> <span class='ocrx_word' id='word_1_17' title='bbox 1720 606 1775 672; x_wconf 80' lang='lat' dir='ltr'><strong>iri·</strong></span> 
     </span>
     <span class='ocr_line' id='line_1_3' title="bbox 292 715 1775 818; baseline -0.003 -16"><span class='ocrx_word' id='word_1_18' title='bbox 292 736 431 803; x_wconf 81' lang='lat' dir='ltr'><strong>sturiae</strong></span> <span class='ocrx_word' id='word_1_19' title='bbox 463 736 661 801; x_wconf 87' lang='lat' dir='ltr'><strong>veritatem</strong></span> <span class='ocrx_word' id='word_1_20' title='bbox 693 741 919 818; x_wconf 77' lang='lat' dir='ltr'><strong>expressam.</strong></span> <span class='ocrx_word' id='word_1_21' title='bbox 941 715 1171 800; x_wconf 87' lang='lat' dir='ltr'><strong>Plutarchus</strong></span> <span class='ocrx_word' id='word_1_22' title='bbox 1201 731 1303 797; x_wconf 90' lang='lat' dir='ltr'><strong>enim</strong></span> <span class='ocrx_word' id='word_1_23' title='bbox 1334 750 1446 814; x_wconf 88' lang='lat' dir='ltr'><strong>saepe</strong></span> <span class='ocrx_word' id='word_1_24' title='bbox 1472 750 1494 796; x_wconf 89' lang='lat' dir='ltr'><strong>a</strong></span> <span class='ocrx_word' id='word_1_25' title='bbox 1519 731 1682 798; x_wconf 85' lang='lat' dir='ltr'><strong>veritate</strong></span> <span class='ocrx_word' id='word_1_26' title='bbox 1713 731 1775 798; x_wconf 90' lang='lat' dir='ltr'><strong>de-</strong></span> 
     </span>
     <span class='ocr_line' id='line_1_4' title="bbox 292 859 1774 947; baseline -0.001 -17"><span class='ocrx_word' id='word_1_27' title='bbox 292 864 414 931; x_wconf 89' lang='lat' dir='ltr'><strong>flectit</strong></span> <span class='ocrx_word' id='word_1_28' title='bbox 442 867 558 947; x_wconf 92' lang='lat' dir='ltr'><strong>atque</strong></span> <span class='ocrx_word' id='word_1_29' title='bbox 587 863 629 930; x_wconf 88' lang='lat' dir='ltr'><strong>in</strong></span> <span class='ocrx_word' id='word_1_30' title='bbox 658 871 800 930; x_wconf 88' lang='lat' dir='ltr'><strong>errores</strong></span> <span class='ocrx_word' id='word_1_31' title='bbox 829 859 1034 946; x_wconf 72' lang='lat' dir='ltr'><strong>delabitur,</strong></span> <span class='ocrx_word' id='word_1_32' title='bbox 1058 881 1133 927; x_wconf 88' lang='lat' dir='ltr'><strong>nou</strong></span> <span class='ocrx_word' id='word_1_33' title='bbox 1164 879 1233 927; x_wconf 86' lang='lat' dir='ltr'><strong>sua</strong></span> <span class='ocrx_word' id='word_1_34' title='bbox 1263 861 1415 944; x_wconf 90' lang='lat' dir='ltr'><strong>quidem</strong></span> <span class='ocrx_word' id='word_1_35' title='bbox 1448 862 1664 946; x_wconf 88' lang='lat' dir='ltr'><strong>voluntate,</strong></span> <span class='ocrx_word' id='word_1_36' title='bbox 1686 881 1774 928; x_wconf 91' lang='lat' dir='ltr'><strong>cum</strong></span> 
     </span>
     <span class='ocr_line' id='line_1_5' title="bbox 292 985 1770 1088; baseline -0.001 -30"><span class='ocrx_word' id='word_1_37' title='bbox 292 989 409 1088; x_wconf 79' lang='lat' dir='ltr'><strong>suerit</strong></span> <span class='ocrx_word' id='word_1_38' title='bbox 438 993 576 1057; x_wconf 92' lang='lat' dir='ltr'><strong>natura</strong></span> <span class='ocrx_word' id='word_1_39' title='bbox 605 990 728 1057; x_wconf 92' lang='lat' dir='ltr'><strong>bonus</strong></span> <span class='ocrx_word' id='word_1_40' title='bbox 758 985 914 1073; x_wconf 88' lang='lat' dir='ltr'><strong>verique</strong></span> <span class='ocrx_word' id='word_1_41' title='bbox 943 987 1244 1073; x_wconf 87' lang='lat' dir='ltr'><strong>amantissimus,</strong></span> <span class='ocrx_word' id='word_1_42' title='bbox 1266 987 1331 1054; x_wconf 90' lang='lat' dir='ltr'><strong>sed</strong></span> <span class='ocrx_word' id='word_1_43' title='bbox 1358 988 1478 1054; x_wconf 91' lang='lat' dir='ltr'><strong>nimia</strong></span> <span class='ocrx_word' id='word_1_44' title='bbox 1506 989 1770 1075; x_wconf 86' lang='lat' dir='ltr'><strong>festinatione,</strong></span> 
     </span>
     <span class='ocr_line' id='line_1_6' title="bbox 291 1117 1775 1206; baseline -0.001 -18"><span class='ocrx_word' id='word_1_45' title='bbox 291 1120 498 1206; x_wconf 89' lang='lat' dir='ltr'><strong>oblivione,</strong></span> <span class='ocrx_word' id='word_1_46' title='bbox 529 1123 577 1186; x_wconf 89' lang='lat' dir='ltr'><strong>et·</strong></span> <span class='ocrx_word' id='word_1_47' title='bbox 597 1118 891 1203; x_wconf 70' lang='lat' dir='ltr'><strong>maxime&#39;quod</strong></span> <span class='ocrx_word' id='word_1_48' title='bbox 920 1120 1121 1202; x_wconf 76' lang='lat' dir='ltr'><strong>scriptores</strong></span> <span class='ocrx_word' id='word_1_49' title='bbox 1150 1118 1223 1185; x_wconf 84' lang='lat' dir='ltr'><strong>sibi</strong></span> <span class='ocrx_word' id='word_1_50' title='bbox 1254 1117 1399 1205; x_wconf 87' lang='lat' dir='ltr'><strong>delegit</strong></span> <span class='ocrx_word' id='word_1_51' title='bbox 1428 1119 1543 1187; x_wconf 86' lang='lat' dir='ltr'><strong>duces</strong></span> <span class='ocrx_word' id='word_1_52' title='bbox 1573 1140 1650 1186; x_wconf 90' lang='lat' dir='ltr'><strong>nou</strong></span> <span class='ocrx_word' id='word_1_53' title='bbox 1681 1121 1775 1188; x_wconf 88' lang='lat' dir='ltr'><strong>satis</strong></span> 
     </span>
     <span class='ocr_line' id='line_1_7' title="bbox 290 1229 1769 1334; baseline 0.001 -19"><span class='ocrx_word' id='word_1_54' title='bbox 290 1229 460 1317; x_wconf 88' lang='lat' dir='ltr'><strong>idoneos.</strong></span> <span class='ocrx_word' id='word_1_55' title='bbox 480 1249 613 1333; x_wconf 85' lang='lat' dir='ltr'><strong>Neque</strong></span> <span class='ocrx_word' id='word_1_56' title='bbox 641 1249 689 1316; x_wconf 89' lang='lat' dir='ltr'><strong>ab</strong></span> <span class='ocrx_word' id='word_1_57' title='bbox 717 1269 761 1316; x_wconf 92' lang='lat' dir='ltr'><strong>eo</strong></span> <span class='ocrx_word' id='word_1_58' title='bbox 789 1251 1042 1334; x_wconf 87' lang='lat' dir='ltr'><strong>postulamus,</strong></span> <span class='ocrx_word' id='word_1_59' title='bbox 1064 1248 1164 1333; x_wconf 90' lang='lat' dir='ltr'><strong>quod</strong></span> <span class='ocrx_word' id='word_1_60' title='bbox 1194 1268 1299 1316; x_wconf 89' lang='lat' dir='ltr'><strong>nunc</strong></span> <span class='ocrx_word' id='word_1_61' title='bbox 1327 1269 1349 1316; x_wconf 92' lang='lat' dir='ltr'><strong>a</strong></span> <span class='ocrx_word' id='word_1_62' title='bbox 1372 1269 1497 1316; x_wconf 88' lang='lat' dir='ltr'><strong>rerum</strong></span> <span class='ocrx_word' id='word_1_63' title='bbox 1520 1243 1769 1334; x_wconf 78' lang='lat' dir='ltr'><strong>scriptoribus</strong></span> 
     </span>
     <span class='ocr_line' id='line_1_8' title="bbox 292 1379 1774 1465; baseline 0.001 -19"><span class='ocrx_word' id='word_1_64' title='bbox 292 1382 507 1465; x_wconf 88' lang='lat' dir='ltr'><strong>requirunt,</strong></span> <span class='ocrx_word' id='word_1_65' title='bbox 528 1380 699 1447; x_wconf 87' lang='lat' dir='ltr'><strong>studium</strong></span> <span class='ocrx_word' id='word_1_66' title='bbox 729 1380 1056 1447; x_wconf 89' lang='lat' dir='ltr'><strong>accuratissimum</strong></span> <span class='ocrx_word' id='word_1_67' title='bbox 1088 1379 1275 1465; x_wconf 91' lang='lat' dir='ltr'><strong>omnium,</strong></span> <span class='ocrx_word' id='word_1_68' title='bbox 1293 1399 1390 1463; x_wconf 89' lang='lat' dir='ltr'><strong>quac</strong></span> <span class='ocrx_word' id='word_1_69' title='bbox 1427 1380 1473 1446; x_wconf 92' lang='lat' dir='ltr'><strong>ad</strong></span> <span class='ocrx_word' id='word_1_70' title='bbox 1509 1397 1637 1447; x_wconf 78' lang='lat' dir='ltr'><strong>rerum</strong></span> <span class='ocrx_word' id='word_1_71' title='bbox 1668 1379 1774 1448; x_wconf 89' lang='lat' dir='ltr'><strong>inda-</strong></span> 
     </span>
     <span class='ocr_line' id='line_1_9' title="bbox 291 1507 1772 1596; baseline -0.001 -19"><span class='ocrx_word' id='word_1_72' title='bbox 291 1509 458 1596; x_wconf 82' lang='lat' dir='ltr'><strong>gandum</strong></span> <span class='ocrx_word' id='word_1_73' title='bbox 490 1510 719 1595; x_wconf 85' lang='lat' dir='ltr'><strong>conducant;</strong></span> <span class='ocrx_word' id='word_1_74' title='bbox 750 1511 908 1577; x_wconf 88' lang='lat' dir='ltr'><strong>moleste</strong></span> <span class='ocrx_word' id='word_1_75' title='bbox 937 1512 1065 1574; x_wconf 89' lang='lat' dir='ltr'><strong>tamen</strong></span> <span class='ocrx_word' id='word_1_76' title='bbox 1096 1507 1267 1592; x_wconf 86' lang='lat' dir='ltr'><strong>ferimus,</strong></span> <span class='ocrx_word' id='word_1_77' title='bbox 1292 1527 1379 1574; x_wconf 87' lang='lat' dir='ltr'><strong>eum</strong></span> <span class='ocrx_word' id='word_1_78' title='bbox 1401 1509 1610 1576; x_wconf 90' lang='lat' dir='ltr'><strong>nonnullos</strong></span> <span class='ocrx_word' id='word_1_79' title='bbox 1630 1510 1772 1596; x_wconf 82' lang='lat' dir='ltr'><strong>gravis-</strong></span> 
     </span>
     <span class='ocr_line' id='line_1_10' title="bbox 293 1613 1769 1742; baseline -0.001 -34"><span class='ocrx_word' id='word_1_80' title='bbox 293 1637 624 1725; x_wconf 73' lang='lat' dir='ltr'><strong>simos&#39;auctores,</strong></span> <span class='ocrx_word' id='word_1_81' title='bbox 654 1660 749 1723; x_wconf 92' lang='lat' dir='ltr'><strong>quos</strong></span> <span class='ocrx_word' id='word_1_82' title='bbox 777 1613 895 1706; x_wconf 24' lang='lat' dir='ltr'><strong>facile·</strong></span> <span class='ocrx_word' id='word_1_83' title='bbox 919 1638 1100 1706; x_wconf 85' lang='lat' dir='ltr'><strong>adhibere</strong></span> <span class='ocrx_word' id='word_1_84' title='bbox 1131 1642 1270 1724; x_wconf 90' lang='lat' dir='ltr'><strong>posset,</strong></span> <span class='ocrx_word' id='word_1_85' title='bbox 1292 1657 1416 1742; x_wconf 86' lang='lat' dir='ltr'><strong>neque</strong></span> <span class='ocrx_word' id='word_1_86' title='bbox 1445 1640 1484 1704; x_wconf 91' lang='lat' dir='ltr'><strong>in</strong></span> <span class='ocrx_word' id='word_1_87' title='bbox 1516 1659 1629 1706; x_wconf 90' lang='lat' dir='ltr'><strong>snum</strong></span> <span class='ocrx_word' id='word_1_88' title='bbox 1660 1659 1769 1706; x_wconf 91' lang='lat' dir='ltr'><strong>usum</strong></span> 
     </span>
     <span class='ocr_line' id='line_1_11' title="bbox 292 1766 1773 1854; baseline 0.001 -20"><span class='ocrx_word' id='word_1_89' title='bbox 292 1768 538 1853; x_wconf 83' lang='lat' dir='ltr'><strong>convertisse,</strong></span> <span class='ocrx_word' id='word_1_90' title='bbox 558 1787 684 1854; x_wconf 89' lang='lat' dir='ltr'><strong>neque</strong></span> <span class='ocrx_word' id='word_1_91' title='bbox 712 1769 849 1835; x_wconf 87' lang='lat' dir='ltr'><strong>saltem</strong></span> <span class='ocrx_word' id='word_1_92' title='bbox 880 1767 1175 1852; x_wconf 71' lang='lat' dir='ltr'><strong>inspexissent</strong></span> <span class='ocrx_word' id='word_1_93' title='bbox 1198 1766 1350 1854; x_wconf 83' lang='lat' dir='ltr'><strong>fugeret</strong></span> <span class='ocrx_word' id='word_1_94' title='bbox 1379 1787 1534 1836; x_wconf 87' lang='lat' dir='ltr'><strong>errores.</strong></span> <span class='ocrx_word' id='word_1_95' title='bbox 1558 1767 1773 1854; x_wconf 79' lang='lat' dir='ltr'><strong>Quominus</strong></span> 
     </span>
     <span class='ocr_line' id='line_1_12' title="bbox 291 1895 1773 1983; baseline 0.001 -22"><span class='ocrx_word' id='word_1_96' title='bbox 291 1898 419 1962; x_wconf 91' lang='lat' dir='ltr'><strong>autem</strong></span> <span class='ocrx_word' id='word_1_97' title='bbox 449 1895 566 1962; x_wconf 90' lang='lat' dir='ltr'><strong>libros</strong></span> <span class='ocrx_word' id='word_1_98' title='bbox 595 1896 826 1980; x_wconf 68' lang='lat' dir='ltr'><strong>omnesqui</strong></span> <span class='ocrx_word' id='word_1_99' title='bbox 857 1895 1011 1962; x_wconf 88' lang='lat' dir='ltr'><strong>adrem</strong></span> <span class='ocrx_word' id='word_1_100' title='bbox 1041 1895 1223 1981; x_wconf 87' lang='lat' dir='ltr'><strong>facerent,</strong></span> <span class='ocrx_word' id='word_1_101' title='bbox 1243 1897 1389 1983; x_wconf 82' lang='lat' dir='ltr'><strong>legeret</strong></span> <span class='ocrx_word' id='word_1_102' title='bbox 1418 1896 1645 1983; x_wconf 82' lang='lat' dir='ltr'><strong>diligenter,</strong></span> <span class='ocrx_word' id='word_1_103' title='bbox 1667 1897 1773 1983; x_wconf 85' lang='lat' dir='ltr'><strong>igno-</strong></span> 
     </span>
     <span class='ocr_line' id='line_1_13' title="bbox 292 1993 1771 2110; baseline 0.001 -20"><span class='ocrx_word' id='word_1_104' title='bbox 292 2025 418 2104; x_wconf 86' lang='lat' dir='ltr'><strong>rantia</strong></span> <span class='ocrx_word' id='word_1_105' title='bbox 446 2025 631 2092; x_wconf 90' lang='lat' dir='ltr'><strong>sermonis</strong></span> <span class='ocrx_word' id='word_1_106' title='bbox 660 2024 790 2090; x_wconf 87' lang='lat' dir='ltr'><strong>Latini</strong></span> <span class='ocrx_word' id='word_1_107' title='bbox 821 2044 933 2108; x_wconf 90' lang='lat' dir='ltr'><strong>saepe</strong></span> <span class='ocrx_word' id='word_1_108' title='bbox 962 2023 1153 2108; x_wconf 76' lang='lat' dir='ltr'><strong>impediit,</strong></span> <span class='ocrx_word' id='word_1_109' title='bbox 1184 2043 1296 2107; x_wconf 87' lang='lat' dir='ltr'><strong>quem</strong></span> <span class='ocrx_word' id='word_1_110' title='bbox 1320 1993 1409 2091; x_wconf 24' lang='lat' dir='ltr'><strong>&#39;sero</strong></span> <span class='ocrx_word' id='word_1_111' title='bbox 1440 2027 1591 2090; x_wconf 91' lang='lat' dir='ltr'><strong>tautum</strong></span> <span class='ocrx_word' id='word_1_112' title='bbox 1622 2024 1771 2110; x_wconf 85' lang='lat' dir='ltr'><strong>didicit,</strong></span> 
     </span>
     <span class='ocr_line' id='line_1_14' title="bbox 292 2149 1771 2242; baseline 0 -24"><span class='ocrx_word' id='word_1_113' title='bbox 292 2155 337 2218; x_wconf 91' lang='lat' dir='ltr'><strong>ut</strong></span> <span class='ocrx_word' id='word_1_114' title='bbox 364 2152 447 2236; x_wconf 89' lang='lat' dir='ltr'><strong>ipse</strong></span> <span class='ocrx_word' id='word_1_115' title='bbox 476 2151 621 2218; x_wconf 84' lang='lat' dir='ltr'><strong>fatetur</strong></span> <span class='ocrx_word' id='word_1_116' title='bbox 650 2149 699 2236; x_wconf 86' lang='lat'><strong>1),</strong></span> <span class='ocrx_word' id='word_1_117' title='bbox 728 2170 854 2242; x_wconf 89' lang='lat' dir='ltr'><strong>neque</strong></span> <span class='ocrx_word' id='word_1_118' title='bbox 883 2151 1043 2219; x_wconf 84' lang='lat' dir='ltr'><strong>fortasse</strong></span> <span class='ocrx_word' id='word_1_119' title='bbox 1072 2170 1241 2234; x_wconf 91' lang='lat' dir='ltr'><strong>unquam</strong></span> <span class='ocrx_word' id='word_1_120' title='bbox 1273 2151 1433 2240; x_wconf 87' lang='lat' dir='ltr'><strong>penitus</strong></span> <span class='ocrx_word' id='word_1_121' title='bbox 1458 2152 1653 2238; x_wconf 79' lang='lat' dir='ltr'><strong>cognovit.</strong></span> <span class='ocrx_word' id='word_1_122' title='bbox 1684 2151 1771 2237; x_wconf 84' lang='lat' dir='ltr'><strong>Sed,</strong></span> 
     </span>
     <span class='ocr_line' id='line_1_15' title="bbox 292 2253 1771 2366; baseline -0.001 -20"><span class='ocrx_word' id='word_1_123' title='bbox 292 2299 368 2364; x_wconf 90' lang='lat' dir='ltr'><strong>qua</strong></span> <span class='ocrx_word' id='word_1_124' title='bbox 387 2279 546 2346; x_wconf 88' lang='lat' dir='ltr'><strong>&#39;ratione</strong></span> <span class='ocrx_word' id='word_1_125' title='bbox 575 2298 663 2346; x_wconf 90' lang='lat' dir='ltr'><strong>suos</strong></span> <span class='ocrx_word' id='word_1_126' title='bbox 691 2253 865 2346; x_wconf 85' lang='lat' dir='ltr'><strong>auctores</strong></span> <span class='ocrx_word' id='word_1_127' title='bbox 894 2279 1082 2366; x_wconf 82' lang='lat' dir='ltr'><strong>delegerit</strong></span> <span class='ocrx_word' id='word_1_128' title='bbox 1109 2298 1245 2362; x_wconf 89' lang='lat' dir='ltr'><strong>resque</strong></span> <span class='ocrx_word' id='word_1_129' title='bbox 1274 2279 1486 2346; x_wconf 89' lang='lat' dir='ltr'><strong>noscendas</strong></span> <span class='ocrx_word' id='word_1_130' title='bbox 1515 2280 1771 2366; x_wconf 86' lang='lat' dir='ltr'><strong>excerpserit,</strong></span> 
     </span>
     <span class='ocr_line' id='line_1_16' title="bbox 291 2409 1771 2493; baseline 0 -17"><span class='ocrx_word' id='word_1_131' title='bbox 291 2429 312 2477; x_wconf 91' lang='lat' dir='ltr'><strong>e</strong></span> <span class='ocrx_word' id='word_1_132' title='bbox 342 2411 451 2477; x_wconf 90' lang='lat' dir='ltr'><strong>nulla</strong></span> <span class='ocrx_word' id='word_1_133' title='bbox 479 2410 687 2492; x_wconf 88' lang='lat' dir='ltr'><strong>scriptione</strong></span> <span class='ocrx_word' id='word_1_134' title='bbox 717 2410 857 2477; x_wconf 90' lang='lat' dir='ltr'><strong>clarius</strong></span> <span class='ocrx_word' id='word_1_135' title='bbox 886 2410 1122 2493; x_wconf 86' lang='lat' dir='ltr'><strong>conspicitur</strong></span> <span class='ocrx_word' id='word_1_136' title='bbox 1150 2429 1263 2493; x_wconf 91' lang='lat' dir='ltr'><strong>quam</strong></span> <span class='ocrx_word' id='word_1_137' title='bbox 1295 2429 1315 2476; x_wconf 89' lang='lat' dir='ltr'><strong>e</strong></span> <span class='ocrx_word' id='word_1_138' title='bbox 1346 2409 1540 2478; x_wconf 76' lang='lat' dir='ltr'><strong>Ciceronis</strong></span> <span class='ocrx_word' id='word_1_139' title='bbox 1560 2411 1653 2478; x_wconf 89' lang='lat' dir='ltr'><strong>vita.</strong></span> <span class='ocrx_word' id='word_1_140' title='bbox 1674 2412 1771 2478; x_wconf 87' lang='lat' dir='ltr'><strong>Nam</strong></span> 
     </span>
     <span class='ocr_line' id='line_1_17' title="bbox 292 2525 1772 2627; baseline -0.004 -17"><span class='ocrx_word' id='word_1_141' title='bbox 292 2542 339 2610; x_wconf 90' lang='lat' dir='ltr'><strong>de</strong></span> <span class='ocrx_word' id='word_1_142' title='bbox 369 2525 552 2609; x_wconf 82' lang='lat' dir='ltr'><strong>Cicerone</strong></span> <span class='ocrx_word' id='word_1_143' title='bbox 581 2540 698 2608; x_wconf 87' lang='lat' dir='ltr'><strong>etiam</strong></span> <span class='ocrx_word' id='word_1_144' title='bbox 728 2559 833 2607; x_wconf 91' lang='lat' dir='ltr'><strong>nunc</strong></span> <span class='ocrx_word' id='word_1_145' title='bbox 861 2541 1028 2627; x_wconf 85' lang='lat' dir='ltr'><strong>legimus</strong></span> <span class='ocrx_word' id='word_1_146' title='bbox 1056 2560 1134 2607; x_wconf 91' lang='lat' dir='ltr'><strong>non</strong></span> <span class='ocrx_word' id='word_1_147' title='bbox 1164 2539 1276 2607; x_wconf 92' lang='lat' dir='ltr'><strong>modo</strong></span> <span class='ocrx_word' id='word_1_148' title='bbox 1306 2559 1404 2623; x_wconf 91' lang='lat' dir='ltr'><strong>quae</strong></span> <span class='ocrx_word' id='word_1_149' title='bbox 1424 2538 1629 2606; x_wconf 86' lang='lat' dir='ltr'><strong>memoriae</strong></span> <span class='ocrx_word' id='word_1_150' title='bbox 1649 2537 1772 2622; x_wconf 91' lang='lat' dir='ltr'><strong>prodi-</strong></span> 
     </span>
     <span class='ocr_line' id='line_1_18' title="bbox 231 2650 1772 2756; baseline -0.004 -15"><span class='ocrx_word' id='word_1_151' title='bbox 231 2686 236 2692; x_wconf 87' lang='grc'><em>·</em></span> <span class='ocrx_word' id='word_1_152' title='bbox 283 2667 433 2742; x_wconf 61' lang='lat' dir='ltr'><strong>&#39;derunt</strong></span> <span class='ocrx_word' id='word_1_153' title='bbox 450 2650 586 2740; x_wconf 89' lang='lat' dir='ltr'><strong>rerum</strong></span> <span class='ocrx_word' id='word_1_154' title='bbox 617 2672 819 2756; x_wconf 87' lang='lat' dir='ltr'><strong>scriptores</strong></span> <span class='ocrx_word' id='word_1_155' title='bbox 848 2671 1043 2756; x_wconf 90' lang='lat' dir='ltr'><strong>iidemque</strong></span> <span class='ocrx_word' id='word_1_156' title='bbox 1072 2671 1176 2738; x_wconf 90' lang='lat' dir='ltr'><strong>haud</strong></span> <span class='ocrx_word' id='word_1_157' title='bbox 1205 2671 1330 2756; x_wconf 89' lang='lat' dir='ltr'><strong>pauci,</strong></span> <span class='ocrx_word' id='word_1_158' title='bbox 1352 2671 1417 2738; x_wconf 88' lang='lat' dir='ltr'><strong>sed</strong></span> <span class='ocrx_word' id='word_1_159' title='bbox 1448 2689 1545 2754; x_wconf 88' lang='lat' dir='ltr'><strong>quae</strong></span> <span class='ocrx_word' id='word_1_160' title='bbox 1575 2671 1656 2753; x_wconf 88' lang='lat' dir='ltr'><strong>ipse</strong></span> <span class='ocrx_word' id='word_1_161' title='bbox 1685 2669 1772 2736; x_wconf 67' lang='lat' dir='ltr'><strong>(lul-</strong></span> 
     </span>
     <span class='ocr_line' id='line_1_19' title="bbox 287 2785 1773 2888; baseline -0.005 -16"><span class='ocrx_word' id='word_1_162' title='bbox 287 2806 367 2872; x_wconf 89' lang='lat' dir='ltr'><strong>lius</strong></span> <span class='ocrx_word' id='word_1_163' title='bbox 395 2804 568 2872; x_wconf 89' lang='lat' dir='ltr'><strong>tradidit.</strong></span> <span class='ocrx_word' id='word_1_164' title='bbox 598 2803 674 2870; x_wconf 88' lang='lat' dir='ltr'><strong>Hic</strong></span> <span class='ocrx_word' id='word_1_165' title='bbox 702 2803 805 2888; x_wconf 87' lang='lat' dir='ltr'><strong>enirn</strong></span> <span class='ocrx_word' id='word_1_166' title='bbox 849 2806 928 2870; x_wconf 86' lang='lat' dir='ltr'><strong>tam</strong></span> <span class='ocrx_word' id='word_1_167' title='bbox 971 2801 1138 2868; x_wconf 89' lang='lat' dir='ltr'><strong>libenter</strong></span> <span class='ocrx_word' id='word_1_168' title='bbox 1166 2804 1206 2868; x_wconf 91' lang='lat' dir='ltr'><strong>et</strong></span> <span class='ocrx_word' id='word_1_169' title='bbox 1234 2804 1311 2868; x_wconf 90' lang='lat' dir='ltr'><strong>tam</strong></span> <span class='ocrx_word' id='word_1_170' title='bbox 1342 2800 1472 2867; x_wconf 88' lang='lat' dir='ltr'><strong>crebro</strong></span> <span class='ocrx_word' id='word_1_171' title='bbox 1502 2785 1617 2866; x_wconf 88' lang='lat' dir='ltr'><strong>dese</strong></span> <span class='ocrx_word' id='word_1_172' title='bbox 1652 2798 1773 2882; x_wconf 90' lang='lat' dir='ltr'><strong>loqui-</strong></span> 
     </span>
     <span class='ocr_line' id='line_1_20' title="bbox 286 2910 1771 3032; baseline -0.005 -31"><span class='ocrx_word' id='word_1_173' title='bbox 286 2937 368 3020; x_wconf 82' lang='lat' dir='ltr'><strong>tur,</strong></span> <span class='ocrx_word' id='word_1_174' title='bbox 389 2938 446 3019; x_wconf 89' lang='lat' dir='ltr'><strong>ut,</strong></span> <span class='ocrx_word' id='word_1_175' title='bbox 467 2931 564 3001; x_wconf 90' lang='lat' dir='ltr'><strong>locis</strong></span> <span class='ocrx_word' id='word_1_176' title='bbox 590 2930 778 3015; x_wconf 86' lang='lat' dir='ltr'><strong>excerptis</strong></span> <span class='ocrx_word' id='word_1_177' title='bbox 807 2949 853 2997; x_wconf 90' lang='lat' dir='ltr'><strong>ex</strong></span> <span class='ocrx_word' id='word_1_178' title='bbox 882 2910 965 2998; x_wconf 90' lang='lat' dir='ltr'><strong>eius</strong></span> <span class='ocrx_word' id='word_1_179' title='bbox 993 2931 1116 3032; x_wconf 84' lang='lat' dir='ltr'><strong>libris,</strong></span> <span class='ocrx_word' id='word_1_180' title='bbox 1137 2931 1218 2998; x_wconf 87' lang='lat' dir='ltr'><strong>vita</strong></span> <span class='ocrx_word' id='word_1_181' title='bbox 1247 2932 1340 2997; x_wconf 88' lang='lat' dir='ltr'><strong>satis</strong></span> <span class='ocrx_word' id='word_1_182' title='bbox 1369 2929 1497 3013; x_wconf 87' lang='lat' dir='ltr'><strong>ampla</strong></span> <span class='ocrx_word' id='word_1_183' title='bbox 1525 2933 1565 2996; x_wconf 90' lang='lat' dir='ltr'><strong>et</strong></span> <span class='ocrx_word' id='word_1_184' title='bbox 1593 2933 1771 2995; x_wconf 88' lang='lat' dir='ltr'><strong>accurata</strong></span> 
     </span>
    </p>
   </div>
   <div class='ocr_carea' id='block_1_3' title="bbox 181 3051 1770 3148">
    <p class='ocr_par' dir='ltr' id='par_1_3' title="bbox 181 3051 1770 3148">
     <span class='ocr_line' id='line_1_21' title="bbox 181 3051 1770 3148; baseline -0.005 -17"><span class='ocrx_word' id='word_1_185' title='bbox 181 3107 185 3114; x_wconf 89' lang='lat'><em>-</em></span> <span class='ocrx_word' id='word_1_186' title='bbox 290 3063 478 3132; x_wconf 81' lang='lat' dir='ltr'><strong>conscribi</strong></span> <span class='ocrx_word' id='word_1_187' title='bbox 508 3062 678 3146; x_wconf 89' lang='lat' dir='ltr'><strong>potuerit</strong></span> <span class='ocrx_word' id='word_1_188' title='bbox 707 3059 756 3148; x_wconf 80' lang='lat'><strong>2).</strong></span> <span class='ocrx_word' id='word_1_189' title='bbox 776 3060 862 3127; x_wconf 83' lang='lat' dir='ltr'><strong>Non</strong></span> <span class='ocrx_word' id='word_1_190' title='bbox 892 3062 951 3126; x_wconf 85' lang='lat' dir='ltr'><strong>est</strong></span> <span class='ocrx_word' id='word_1_191' title='bbox 975 3059 1300 3146; x_wconf 85' lang='lat' dir='ltr'><strong>igitur-alienum,</strong></span> <span class='ocrx_word' id='word_1_192' title='bbox 1322 3059 1368 3126; x_wconf 90' lang='lat' dir='ltr'><strong>ad</strong></span> <span class='ocrx_word' id='word_1_193' title='bbox 1389 3059 1585 3128; x_wconf 88' lang='lat' dir='ltr'><strong>Plutarchi</strong></span> <span class='ocrx_word' id='word_1_194' title='bbox 1608 3051 1770 3144; x_wconf 86' lang='lat' dir='ltr'><strong>diligen-</strong></span> 
     </span>
    </p>
   </div>
   <div class='ocr_carea' id='block_1_4' title="bbox 282 3175 1771 3930">
    <p class='ocr_par' dir='ltr' id='par_1_4' title="bbox 282 3175 1771 3930">
     <span class='ocr_line' id='line_1_22' title="bbox 290 3175 1770 3284; baseline -0.004 -26"><span class='ocrx_word' id='word_1_195' title='bbox 290 3191 385 3284; x_wconf 84' lang='lat' dir='ltr'><strong>tiam</strong></span> <span class='ocrx_word' id='word_1_196' title='bbox 407 3194 517 3258; x_wconf 62' lang='lat' dir='ltr'><strong>&#39;recte</strong></span> <span class='ocrx_word' id='word_1_197' title='bbox 546 3187 837 3274; x_wconf 87' lang='lat' dir='ltr'><strong>aestimandam,</strong></span> <span class='ocrx_word' id='word_1_198' title='bbox 867 3188 1076 3273; x_wconf 89' lang='lat' dir='ltr'><strong>exquirere,</strong></span> <span class='ocrx_word' id='word_1_199' title='bbox 1093 3206 1281 3270; x_wconf 87' lang='lat' dir='ltr'><strong>quaenam</strong></span> <span class='ocrx_word' id='word_1_200' title='bbox 1311 3178 1453 3272; x_wconf 88' lang='lat' dir='ltr'><strong>scripta</strong></span> <span class='ocrx_word' id='word_1_201' title='bbox 1481 3175 1672 3254; x_wconf 74' lang='lat' dir='ltr'><strong>Tulliana</strong></span> <span class='ocrx_word' id='word_1_202' title='bbox 1689 3185 1770 3269; x_wconf 88' lang='lat' dir='ltr'><strong>ipse</strong></span> 
     </span>
     <span class='ocr_line' id='line_1_23' title="bbox 282 3305 1708 3404; baseline -0.004 -17"><span class='ocrx_word' id='word_1_203' title='bbox 282 3309 492 3404; x_wconf 85' lang='lat' dir='ltr'><strong>evolverit,</strong></span> <span class='ocrx_word' id='word_1_204' title='bbox 522 3322 561 3386; x_wconf 89' lang='lat' dir='ltr'><strong>et</strong></span> <span class='ocrx_word' id='word_1_205' title='bbox 590 3337 666 3402; x_wconf 90' lang='lat' dir='ltr'><strong>qua</strong></span> <span class='ocrx_word' id='word_1_206' title='bbox 693 3316 886 3384; x_wconf 90' lang='lat' dir='ltr'><strong>industria</strong></span> <span class='ocrx_word' id='word_1_207' title='bbox 914 3315 1135 3400; x_wconf 87' lang='lat' dir='ltr'><strong>iudicioque</strong></span> <span class='ocrx_word' id='word_1_208' title='bbox 1164 3316 1203 3382; x_wconf 90' lang='lat' dir='ltr'><strong>in</strong></span> <span class='ocrx_word' id='word_1_209' title='bbox 1234 3317 1289 3383; x_wconf 90' lang='lat' dir='ltr'><strong>eis</strong></span> <span class='ocrx_word' id='word_1_210' title='bbox 1318 3317 1494 3404; x_wconf 85' lang='lat' dir='ltr'><strong>legendis</strong></span> <span class='ocrx_word' id='word_1_211' title='bbox 1523 3330 1616 3383; x_wconf 88' lang='lat' dir='ltr'><strong>usus</strong></span> <span class='ocrx_word' id='word_1_212' title='bbox 1633 3305 1708 3382; x_wconf 90' lang='lat' dir='ltr'><strong>sit.</strong></span> 
     </span>
     <span class='ocr_line' id='line_1_24' title="bbox 381 3435 1767 3536; baseline -0.004 -20"><span class='ocrx_word' id='word_1_213' title='bbox 381 3437 482 3536; x_wconf 75' lang='lat' dir='ltr'><strong>¹Quo</strong></span> <span class='ocrx_word' id='word_1_214' title='bbox 523 3452 691 3532; x_wconf 88' lang='lat' dir='ltr'><strong>tempore</strong></span> <span class='ocrx_word' id='word_1_215' title='bbox 719 3447 819 3514; x_wconf 88' lang='lat' dir='ltr'><strong>vitas</strong></span> <span class='ocrx_word' id='word_1_216' title='bbox 848 3445 1130 3530; x_wconf 88' lang='lat' dir='ltr'><strong>composuerit,</strong></span> <span class='ocrx_word' id='word_1_217' title='bbox 1160 3465 1236 3511; x_wconf 92' lang='lat' dir='ltr'><strong>non</strong></span> <span class='ocrx_word' id='word_1_218' title='bbox 1268 3449 1326 3512; x_wconf 92' lang='lat' dir='ltr'><strong>est</strong></span> <span class='ocrx_word' id='word_1_219' title='bbox 1354 3445 1467 3512; x_wconf 82' lang='lat' dir='ltr'><strong>facile¹</strong></span> <span class='ocrx_word' id='word_1_220' title='bbox 1489 3435 1682 3529; x_wconf 85' lang='lat' dir='ltr'><strong>¹definire;</strong></span> <span class='ocrx_word' id='word_1_221' title='bbox 1721 3463 1767 3511; x_wconf 89' lang='lat' dir='ltr'><strong>ue</strong></span> 
     </span>
     <span class='ocr_line' id='line_1_25' title="bbox 290 3565 1771 3669; baseline -0.003 -24"><span class='ocrx_word' id='word_1_222' title='bbox 290 3579 388 3647; x_wconf 90' lang='lat' dir='ltr'><strong>illud</strong></span> <span class='ocrx_word' id='word_1_223' title='bbox 419 3578 575 3663; x_wconf 90' lang='lat' dir='ltr'><strong>quidem</strong></span> <span class='ocrx_word' id='word_1_224' title='bbox 605 3579 845 3661; x_wconf 89' lang='lat' dir='ltr'><strong>exploratum</strong></span> <span class='ocrx_word' id='word_1_225' title='bbox 875 3579 945 3660; x_wconf 91' lang='lat' dir='ltr'><strong>est,</strong></span> <span class='ocrx_word' id='word_1_226' title='bbox 966 3593 1081 3642; x_wconf 89' lang='lat' dir='ltr'><strong>easne</strong></span> <span class='ocrx_word' id='word_1_227' title='bbox 1101 3576 1243 3669; x_wconf 82' lang='lat' dir='ltr'><strong>Romae</strong></span> <span class='ocrx_word' id='word_1_228' title='bbox 1263 3575 1405 3641; x_wconf 88' lang='lat' dir='ltr'><strong>litteris</strong></span> <span class='ocrx_word' id='word_1_229' title='bbox 1425 3565 1607 3640; x_wconf 90' lang='lat' dir='ltr'><strong>mandare</strong></span> <span class='ocrx_word' id='word_1_230' title='bbox 1627 3575 1771 3661; x_wconf 87' lang='lat' dir='ltr'><strong>ingres-</strong></span> 
     </span>
     <span class='ocr_line' id='line_1_26' title="bbox 283 3705 1770 3791; baseline -0.004 -13"><span class='ocrx_word' id='word_1_231' title='bbox 283 3715 354 3778; x_wconf 74' lang='lat' dir='ltr'><strong>&#39;&#39;sus</strong></span> <span class='ocrx_word' id='word_1_232' title='bbox 383 3710 446 3778; x_wconf 82' lang='lat' dir='ltr'><strong>sit.</strong></span> <span class='ocrx_word' id='word_1_233' title='bbox 476 3709 668 3778; x_wconf 91' lang='lat' dir='ltr'><strong>Probabili</strong></span> <span class='ocrx_word' id='word_1_234' title='bbox 700 3712 829 3776; x_wconf 89' lang='lat' dir='ltr'><strong>autem</strong></span> <span class='ocrx_word' id='word_1_235' title='bbox 859 3707 1081 3774; x_wconf 88' lang='lat' dir='ltr'><strong>coniectura</strong></span> <span class='ocrx_word' id='word_1_236' title='bbox 1110 3705 1227 3771; x_wconf 90' lang='lat' dir='ltr'><strong>ducor</strong></span> <span class='ocrx_word' id='word_1_237' title='bbox 1255 3706 1303 3772; x_wconf 90' lang='lat' dir='ltr'><strong>ad</strong></span> <span class='ocrx_word' id='word_1_238' title='bbox 1332 3705 1620 3791; x_wconf 88' lang='lat' dir='ltr'><strong>suspicandum.</strong></span> <span class='ocrx_word' id='word_1_239' title='bbox 1650 3708 1770 3772; x_wconf 90' lang='lat' dir='ltr'><strong>extre-</strong></span> 
     </span>
     <span class='ocr_line' id='line_1_27' title="bbox 291 3831 1764 3930; baseline -0.002 -29"><span class='ocrx_word' id='word_1_240' title='bbox 291 3836 363 3902; x_wconf 90' lang='lat' dir='ltr'><strong>mis</strong></span> <span class='ocrx_word' id='word_1_241' title='bbox 391 3837 505 3902; x_wconf 90' lang='lat' dir='ltr'><strong>annis</strong></span> <span class='ocrx_word' id='word_1_242' title='bbox 533 3835 921 3920; x_wconf 88' lang='lat' dir='ltr'><strong>imperiiDomitiaui</strong></span> <span class='ocrx_word' id='word_1_243' title='bbox 941 3832 1191 3900; x_wconf 89' lang='lat' dir='ltr'><strong>Plutarchum</strong></span> <span class='ocrx_word' id='word_1_244' title='bbox 1214 3834 1344 3900; x_wconf 91' lang='lat' dir='ltr'><strong>urbem</strong></span> <span class='ocrx_word' id='word_1_245' title='bbox 1367 3834 1567 3918; x_wconf 86' lang='lat' dir='ltr'><strong>reliquisse</strong></span> <span class='ocrx_word' id='word_1_246' title='bbox 1587 3835 1627 3898; x_wconf 89' lang='lat' dir='ltr'><strong>et</strong></span> <span class='ocrx_word' id='word_1_247' title='bbox 1647 3831 1764 3930; x_wconf 75' lang='lat' dir='ltr'><strong>Ohae&#39;·</strong></span> 
     </span>
    </p>
   </div>
   <div class='ocr_carea' id='block_1_5' title="bbox 286 4147 1771 4238">
    <p class='ocr_par' dir='ltr' id='par_1_5' title="bbox 286 4147 1771 4238">
     <span class='ocr_line' id='line_1_28' title="bbox 286 4147 1771 4238; baseline 0.001 -32"><span class='ocrx_word' id='word_1_248' title='bbox 286 4157 334 4238; x_wconf 25' lang='lat' dir='ltr'><strong>&#39;aas</strong></span> <span class='ocrx_word' id='word_1_249' title='bbox 356 4153 505 4221; x_wconf 75' lang='grc' dir='ltr'>ζηλοῦσθαι</span> <span class='ocrx_word' id='word_1_250' title='bbox 525 4153 588 4216; x_wconf 81' lang='grc' dir='ltr'>τοὺς</span> <span class='ocrx_word' id='word_1_251' title='bbox 609 4153 808 4219; x_wconf 74' lang='grc' dir='ltr'>εἰργασμένους.</span> <span class='ocrx_word' id='word_1_252' title='bbox 830 4147 890 4205; x_wconf 82' lang='lat' dir='ltr'><strong>Cir.</strong></span> <span class='ocrx_word' id='word_1_253' title='bbox 915 4148 1060 4221; x_wconf 89' lang='lat' dir='ltr'><strong>Kremer,</strong></span> <span class='ocrx_word' id='word_1_254' title='bbox 1084 4150 1247 4226; x_wconf 70' lang='lat' dir='ltr'><strong>Inquisitio</strong></span> <span class='ocrx_word' id='word_1_255' title='bbox 1273 4150 1304 4206; x_wconf 79' lang='lat' dir='ltr'><strong>in</strong></span> <span class='ocrx_word' id='word_1_256' title='bbox 1326 4149 1486 4205; x_wconf 72' lang='lat' dir='ltr'><strong>consiliam</strong></span> <span class='ocrx_word' id='word_1_257' title='bbox 1516 4155 1545 4206; x_wconf 85' lang='lat' dir='ltr'><strong>ct</strong></span> <span class='ocrx_word' id='word_1_258' title='bbox 1566 4150 1689 4206; x_wconf 76' lang='lat' dir='ltr'><strong>raedam</strong></span> <span class='ocrx_word' id='word_1_259' title='bbox 1711 4167 1771 4226; x_wconf 80' lang='lat' dir='ltr'><strong>quo</strong></span> 
     </span>
    </p>
   </div>
   <div class='ocr_carea' id='block_1_6' title="bbox 230 4251 1776 4971">
    <p class='ocr_par' dir='ltr' id='par_1_6' title="bbox 230 4251 1776 4473">
     <span class='ocr_line' id='line_1_29' title="bbox 230 4251 1776 4364; baseline -0.004 -30"><span class='ocrx_word' id='word_1_260' title='bbox 230 4307 233 4312; x_wconf 91' lang='lat'>·</span> <span class='ocrx_word' id='word_1_261' title='bbox 281 4274 378 4364; x_wconf 64' lang='lat' dir='ltr'><strong>Plus</strong></span> <span class='ocrx_word' id='word_1_262' title='bbox 398 4273 521 4348; x_wconf 74' lang='lat' dir='ltr'><strong>scr-epsit</strong></span> <span class='ocrx_word' id='word_1_263' title='bbox 543 4273 620 4330; x_wconf 81' lang='lat' dir='ltr'><strong>citor</strong></span> <span class='ocrx_word' id='word_1_264' title='bbox 637 4272 822 4348; x_wconf 83' lang='lat' dir='ltr'><strong>parallelas,</strong></span> <span class='ocrx_word' id='word_1_265' title='bbox 845 4251 1029 4348; x_wconf 85' lang='lat' dir='ltr'><strong>Grouiugae,</strong></span> <span class='ocrx_word' id='word_1_266' title='bbox 1054 4273 1141 4342; x_wconf 77' lang='lat'><strong>1841,</strong></span> <span class='ocrx_word' id='word_1_267' title='bbox 1164 4290 1191 4348; x_wconf 91' lang='lat' dir='ltr'><strong>p.</strong></span> <span class='ocrx_word' id='word_1_268' title='bbox 1216 4269 1272 4343; x_wconf 88' lang='lat'><strong>10;</strong></span> <span class='ocrx_word' id='word_1_269' title='bbox 1296 4269 1522 4341; x_wconf 85' lang='lat' dir='ltr'><strong>Westermauu,</strong></span> <span class='ocrx_word' id='word_1_270' title='bbox 1539 4270 1584 4329; x_wconf 85' lang='lat' dir='ltr'><strong>Dc</strong></span> <span class='ocrx_word' id='word_1_271' title='bbox 1606 4271 1776 4330; x_wconf 75' lang='lat' dir='ltr'><strong>Plutarchi</strong></span> 
     </span>
     <span class='ocr_line' id='line_1_30' title="bbox 288 4398 655 4473; baseline 0.008 -19"><span class='ocrx_word' id='word_1_272' title='bbox 288 4398 349 4454; x_wconf 79' lang='lat' dir='ltr'><strong>vita</strong></span> <span class='ocrx_word' id='word_1_273' title='bbox 372 4405 400 4458; x_wconf 85' lang='lat' dir='ltr'><strong>et</strong></span> <span class='ocrx_word' id='word_1_274' title='bbox 419 4399 553 4473; x_wconf 77' lang='lat' dir='ltr'><strong>scriptis,</strong></span> <span class='ocrx_word' id='word_1_275' title='bbox 577 4415 603 4472; x_wconf 90' lang='lat' dir='ltr'><strong>p.</strong></span> <span class='ocrx_word' id='word_1_276' title='bbox 627 4400 655 4457; x_wconf 93' lang='lat'><strong>8.</strong></span> 
     </span>
    </p>

    <p class='ocr_par' dir='ltr' id='par_1_7' title="bbox 287 4519 1776 4858">
     <span class='ocr_line' id='line_1_31' title="bbox 371 4519 1773 4592; baseline -0.001 -15"><span class='ocrx_word' id='word_1_277' title='bbox 371 4520 401 4591; x_wconf 77' lang='grc'><strong>1)</strong></span> <span class='ocrx_word' id='word_1_278' title='bbox 424 4521 484 4579; x_wconf 83' lang='lat' dir='ltr'><strong>Vii.</strong></span> <span class='ocrx_word' id='word_1_279' title='bbox 509 4520 662 4578; x_wconf 73' lang='lat' dir='ltr'><strong>Deincrtb.</strong></span> <span class='ocrx_word' id='word_1_280' title='bbox 685 4521 726 4580; x_wconf 82' lang='lat'><strong>2:</strong></span> <span class='ocrx_word' id='word_1_281' title='bbox 748 4526 777 4576; x_wconf 83' lang='grc' dir='ltr'><strong>ἐν</strong></span> <span class='ocrx_word' id='word_1_282' title='bbox 799 4519 889 4591; x_wconf 81' lang='grc' dir='ltr'>Ῥώμῃ</span> <span class='ocrx_word' id='word_1_283' title='bbox 910 4529 957 4577; x_wconf 73' lang='grc' dir='ltr'><strong>καὶ</strong></span> <span class='ocrx_word' id='word_1_284' title='bbox 979 4525 1037 4589; x_wconf 83' lang='grc' dir='ltr'>ταῖς</span> <span class='ocrx_word' id='word_1_285' title='bbox 1057 4528 1118 4591; x_wconf 75' lang='grc' dir='ltr'><strong>περὶ</strong></span> <span class='ocrx_word' id='word_1_286' title='bbox 1139 4527 1186 4592; x_wconf 81' lang='grc' dir='ltr'><strong>τὴν</strong></span> <span class='ocrx_word' id='word_1_287' title='bbox 1209 4519 1325 4576; x_wconf 80' lang='grc' dir='ltr'>Ἰταλίαν</span> <span class='ocrx_word' id='word_1_288' title='bbox 1347 4523 1490 4592; x_wconf 77' lang='grc' dir='ltr'><strong>διατριβαῖς</strong></span> <span class='ocrx_word' id='word_1_289' title='bbox 1511 4524 1541 4574; x_wconf 79' lang='grc' dir='ltr'><strong>σὺ</strong></span> <span class='ocrx_word' id='word_1_290' title='bbox 1567 4524 1669 4591; x_wconf 85' lang='grc' dir='ltr'>σχολῆς</span> <span class='ocrx_word' id='word_1_291' title='bbox 1691 4525 1773 4590; x_wconf 79' lang='grc' dir='ltr'>οὔσης</span> 
     </span>
     <span class='ocr_line' id='line_1_32' title="bbox 287 4641 1776 4716; baseline 0.002 -19"><span class='ocrx_word' id='word_1_292' title='bbox 287 4647 470 4714; x_wconf 71' lang='grc' dir='ltr'>γυμνάζεσθαι</span> <span class='ocrx_word' id='word_1_293' title='bbox 491 4650 550 4712; x_wconf 72' lang='grc' dir='ltr'><strong>περὶ</strong></span> <span class='ocrx_word' id='word_1_294' title='bbox 564 4649 612 4714; x_wconf 80' lang='grc' dir='ltr'><strong>τἠν</strong></span> <span class='ocrx_word' id='word_1_295' title='bbox 626 4641 777 4713; x_wconf 80' lang='grc' dir='ltr'>Ῥωμαικὴν</span> <span class='ocrx_word' id='word_1_296' title='bbox 800 4646 941 4700; x_wconf 76' lang='grc' dir='ltr'>διάλεκτον</span> <span class='ocrx_word' id='word_1_297' title='bbox 963 4650 1013 4700; x_wconf 79' lang='grc' dir='ltr'><strong>ὑπὸ</strong></span> <span class='ocrx_word' id='word_1_298' title='bbox 1029 4653 1126 4716; x_wconf 78' lang='grc' dir='ltr'>χρειῶν</span> <span class='ocrx_word' id='word_1_299' title='bbox 1145 4649 1289 4700; x_wconf 81' lang='grc' dir='ltr'>πολιτικῶν</span> <span class='ocrx_word' id='word_1_300' title='bbox 1303 4650 1352 4700; x_wconf 76' lang='grc' dir='ltr'><strong>καὶ</strong></span> <span class='ocrx_word' id='word_1_301' title='bbox 1367 4651 1420 4698; x_wconf 82' lang='grc' dir='ltr'><strong>τῶν</strong></span> <span class='ocrx_word' id='word_1_302' title='bbox 1432 4649 1476 4700; x_wconf 75' lang='grc' dir='ltr'><strong>διὰ</strong></span> <span class='ocrx_word' id='word_1_303' title='bbox 1492 4649 1650 4715; x_wconf 80' lang='grc' dir='ltr'>φιλοσοφίαν</span> <span class='ocrx_word' id='word_1_304' title='bbox 1663 4649 1776 4716; x_wconf 82' lang='grc' dir='ltr'>πλησια·</span> 
     </span>
     <span class='ocr_line' id='line_1_33' title="bbox 289 4767 1628 4858; baseline 0.002 -32"><span class='ocrx_word' id='word_1_305' title='bbox 289 4776 398 4838; x_wconf 80' lang='grc' dir='ltr'>ζὸντων,</span> <span class='ocrx_word' id='word_1_306' title='bbox 420 4775 470 4838; x_wconf 74' lang='grc' dir='ltr'><strong>ὀψέ</strong></span> <span class='ocrx_word' id='word_1_307' title='bbox 491 4789 557 4825; x_wconf 85' lang='grc' dir='ltr'>ποτε</span> <span class='ocrx_word' id='word_1_308' title='bbox 577 4775 624 4824; x_wconf 82' lang='grc' dir='ltr'><strong>καί</strong></span> <span class='ocrx_word' id='word_1_309' title='bbox 644 4774 735 4858; x_wconf 78' lang='grc' dir='ltr'>πόρραι</span> <span class='ocrx_word' id='word_1_310' title='bbox 756 4778 804 4840; x_wconf 85' lang='grc' dir='ltr'><strong>τῆς</strong></span> <span class='ocrx_word' id='word_1_311' title='bbox 819 4775 925 4841; x_wconf 79' lang='grc' dir='ltr'>ἡλικίας</span> <span class='ocrx_word' id='word_1_312' title='bbox 946 4767 1074 4843; x_wconf 72' lang='grc' dir='ltr'>ἡψάμεθα</span> <span class='ocrx_word' id='word_1_313' title='bbox 1096 4776 1257 4842; x_wconf 56' lang='lat' dir='ltr'><strong>‘reposcas</strong></span> <span class='ocrx_word' id='word_1_314' title='bbox 1278 4775 1429 4842; x_wconf 77' lang='grc' dir='ltr'>γράμμασιν</span> <span class='ocrx_word' id='word_1_315' title='bbox 1450 4771 1628 4843; x_wconf 79' lang='grc' dir='ltr'>ἐντυγχάνειν.</span> 
     </span>
    </p>

    <p class='ocr_par' dir='ltr' id='par_1_8' title="bbox 369 4893 1768 4971">
     <span class='ocr_line' id='line_1_34' title="bbox 369 4893 1768 4971; baseline 0 -17"><span class='ocrx_word' id='word_1_316' title='bbox 369 4894 402 4971; x_wconf 83' lang='grc'><strong>2)</strong></span> <span class='ocrx_word' id='word_1_317' title='bbox 424 4893 565 4955; x_wconf 89' lang='lat' dir='ltr'><strong>Omnium</strong></span> <span class='ocrx_word' id='word_1_318' title='bbox 592 4893 619 4950; x_wconf 92' lang='lat' dir='ltr'><strong>iu</strong></span> <span class='ocrx_word' id='word_1_319' title='bbox 639 4894 777 4952; x_wconf 83' lang='lat' dir='ltr'><strong>munibus</strong></span> <span class='ocrx_word' id='word_1_320' title='bbox 799 4901 844 4952; x_wconf 81' lang='lat' dir='ltr'><strong>est</strong></span> <span class='ocrx_word' id='word_1_321' title='bbox 867 4895 945 4953; x_wconf 90' lang='lat' dir='ltr'><strong>liber</strong></span> <span class='ocrx_word' id='word_1_322' title='bbox 970 4895 1162 4968; x_wconf 72' lang='lat' dir='ltr'><strong>utilissimae,</strong></span> <span class='ocrx_word' id='word_1_323' title='bbox 1186 4895 1348 4970; x_wconf 87' lang='lat' dir='ltr'><strong>inscriptus</strong></span> <span class='ocrx_word' id='word_1_324' title='bbox 1371 4895 1432 4954; x_wconf 80' lang='lat' dir='ltr'><strong>‘M.</strong></span> <span class='ocrx_word' id='word_1_325' title='bbox 1449 4895 1483 4954; x_wconf 84' lang='lat' dir='ltr'><strong>T.</strong></span> <span class='ocrx_word' id='word_1_326' title='bbox 1507 4895 1663 4954; x_wconf 87' lang='lat' dir='ltr'><strong>Ciceronis</strong></span> <span class='ocrx_word' id='word_1_327' title='bbox 1687 4913 1768 4954; x_wconf 91' lang='lat' dir='ltr'><strong>com·</strong></span> 
     </span>
    </p>
   </div>
   <div class='ocr_carea' id='block_1_7' title="bbox 281 5020 1772 5218">
    <p class='ocr_par' dir='ltr' id='par_1_9' title="bbox 281 5020 1772 5218">
     <span class='ocr_line' id='line_1_35' title="bbox 289 5020 1772 5100; baseline 0.003 -20"><span class='ocrx_word' id='word_1_328' title='bbox 289 5020 430 5080; x_wconf 76' lang='lat' dir='ltr'><strong>mauturii</strong></span> <span class='ocrx_word' id='word_1_329' title='bbox 453 5037 554 5079; x_wconf 88' lang='lat' dir='ltr'><strong>rerum</strong></span> <span class='ocrx_word' id='word_1_330' title='bbox 571 5037 694 5080; x_wconf 87' lang='lat' dir='ltr'><strong>suarum</strong></span> <span class='ocrx_word' id='word_1_331' title='bbox 708 5026 725 5092; x_wconf 81' lang='lat'><strong>&#39;,</strong></span> <span class='ocrx_word' id='word_1_332' title='bbox 746 5037 835 5100; x_wconf 89' lang='lat' dir='ltr'><strong>quem</strong></span> <span class='ocrx_word' id='word_1_333' title='bbox 860 5041 898 5081; x_wconf 88' lang='lat' dir='ltr'><strong>ex</strong></span> <span class='ocrx_word' id='word_1_334' title='bbox 914 5023 989 5082; x_wconf 89' lang='lat' dir='ltr'><strong>locis</strong></span> <span class='ocrx_word' id='word_1_335' title='bbox 1005 5023 1157 5082; x_wconf 87' lang='lat' dir='ltr'><strong>Tullianis</strong></span> <span class='ocrx_word' id='word_1_336' title='bbox 1174 5023 1345 5082; x_wconf 88' lang='lat' dir='ltr'><strong>incredibili</strong></span> <span class='ocrx_word' id='word_1_337' title='bbox 1363 5023 1509 5098; x_wconf 82' lang='lat' dir='ltr'><strong>patientia</strong></span> <span class='ocrx_word' id='word_1_338' title='bbox 1530 5022 1688 5100; x_wconf 82' lang='lat' dir='ltr'><strong>studioque</strong></span> <span class='ocrx_word' id='word_1_339' title='bbox 1702 5040 1772 5085; x_wconf 82' lang='lat' dir='ltr'><strong>cou-</strong></span> 
     </span>
     <span class='ocr_line' id='line_1_36' title="bbox 281 5133 938 5218; baseline 0.005 -16"><span class='ocrx_word' id='word_1_340' title='bbox 281 5133 383 5204; x_wconf 81' lang='lat' dir='ltr'><strong>¹texuit</strong></span> <span class='ocrx_word' id='word_1_341' title='bbox 406 5143 440 5202; x_wconf 89' lang='lat' dir='ltr'><strong>D.</strong></span> <span class='ocrx_word' id='word_1_342' title='bbox 463 5139 621 5218; x_wconf 84' lang='lat' dir='ltr'><strong>Suringar,</strong></span> <span class='ocrx_word' id='word_1_343' title='bbox 645 5141 765 5215; x_wconf 85' lang='lat' dir='ltr'><strong>Leidae,</strong></span> <span class='ocrx_word' id='word_1_344' title='bbox 790 5139 875 5205; x_wconf 82' lang='lat'><strong>1854.</strong></span> <span class='ocrx_word' id='word_1_345' title='bbox 936 5204 938 5208; x_wconf 85' lang='grc'>,</span> 
     </span>
    </p>
   </div>
   <div class='ocr_carea' id='block_1_8' title="bbox 0 0 2078 5956">
    <p class='ocr_par' dir='ltr' id='par_1_10' title="bbox 0 0 2078 5956">
     <span class='ocr_line' id='line_1_37' title="bbox 0 0 2078 5956; baseline 0 0"><span class='ocrx_word' id='word_1_346' title='bbox 0 0 2078 5956; x_wconf 95' lang='lat' dir='ltr'><strong> </strong></span> 
     </span>
    </p>
   </div>
  </div>
 </body>
</html>
