<?xml version="1.0" encoding="UTF-8"?>
<!DOCTYPE html PUBLIC "-//W3C//DTD XHTML 1.0 Transitional//EN"
    "http://www.w3.org/TR/xhtml1/DTD/xhtml1-transitional.dtd">
<html xmlns="http://www.w3.org/1999/xhtml" xml:lang="en" lang="en">
 <head>
  <title>
</title>
<meta http-equiv="Content-Type" content="text/html;charset=utf-8" />
  <meta name='ocr-system' content='tesseract 3.04.00' />
  <meta name='ocr-capabilities' content='ocr_page ocr_carea ocr_par ocr_line ocrx_word'/>
</head>
<body>
  <div class='ocr_page' id='page_1' title='image "./quatenusplutarc00addogoog_0019.png"; bbox 0 0 4146 5958; ppageno 0'>
   <div class='ocr_carea' id='block_1_1' title="bbox 358 396 1513 484">
    <p class='ocr_par' dir='ltr' id='par_1_1' title="bbox 358 396 1513 484">
     <span class='ocr_line' id='line_1_1' title="bbox 358 396 1513 484; baseline -0.002 -20"><span class='ocrx_word' id='word_1_1' title='bbox 358 399 380 464; x_wconf 84' lang='lat'>6</span> <span class='ocrx_word' id='word_1_2' title='bbox 553 398 601 464; x_wconf 85' lang='lat' dir='ltr'><strong>D’</strong></span> <span class='ocrx_word' id='word_1_3' title='bbox 617 396 801 464; x_wconf 82' lang='lat' dir='ltr'><strong>Annomo</strong></span> <span class='ocrx_word' id='word_1_4' title='bbox 816 433 869 448; x_wconf 67' lang='grc'><strong>»-</strong></span> <span class='ocrx_word' id='word_1_5' title='bbox 885 397 1102 484; x_wconf 74' lang='lat' dir='ltr'><strong>qurnnus</strong></span> <span class='ocrx_word' id='word_1_6' title='bbox 1131 398 1399 464; x_wconf 75' lang='lat' dir='ltr'><strong>Pnurauouus</strong></span> <span class='ocrx_word' id='word_1_7' title='bbox 1429 411 1513 476; x_wconf 79' lang='lat' dir='ltr'><strong>nro.</strong></span> 
     </span>
    </p>
   </div>
   <div class='ocr_carea' id='block_1_2' title="bbox 298 587 1825 1974">
    <p class='ocr_par' dir='ltr' id='par_1_2' title="bbox 298 587 1825 1974">
     <span class='ocr_line' id='line_1_2' title="bbox 302 587 1782 676; baseline -0.004 -16"><span class='ocrx_word' id='word_1_8' title='bbox 302 590 481 660; x_wconf 87' lang='lat' dir='ltr'><strong>suluisse.</strong></span> <span class='ocrx_word' id='word_1_9' title='bbox 508 589 566 656; x_wconf 81' lang='lat' dir='ltr'><strong>Ac</strong></span> <span class='ocrx_word' id='word_1_10' title='bbox 594 591 624 656; x_wconf 90' lang='lat' dir='ltr'><strong>si</strong></span> <span class='ocrx_word' id='word_1_11' title='bbox 655 588 864 676; x_wconf 86' lang='lat' dir='ltr'><strong>consuluit,</strong></span> <span class='ocrx_word' id='word_1_12' title='bbox 884 589 1047 676; x_wconf 79' lang='lat' dir='ltr'><strong>Pythiae</strong></span> <span class='ocrx_word' id='word_1_13' title='bbox 1076 609 1152 656; x_wconf 92' lang='lat' dir='ltr'><strong>non</strong></span> <span class='ocrx_word' id='word_1_14' title='bbox 1183 589 1362 674; x_wconf 91' lang='lat' dir='ltr'><strong>praebuit</strong></span> <span class='ocrx_word' id='word_1_15' title='bbox 1390 607 1501 655; x_wconf 88' lang='lat' dir='ltr'><strong>aures</strong></span> <span class='ocrx_word' id='word_1_16' title='bbox 1529 587 1782 674; x_wconf 77' lang='lat' dir='ltr'><strong>admonenti,</strong></span> 
     </span>
     <span class='ocr_line' id='line_1_3' title="bbox 302 717 1779 803; baseline -0.003 -15"><span class='ocrx_word' id='word_1_17' title='bbox 302 727 346 789; x_wconf 91' lang='lat' dir='ltr'><strong>ut</strong></span> <span class='ocrx_word' id='word_1_18' title='bbox 375 740 423 788; x_wconf 92' lang='lat' dir='ltr'><strong>ne</strong></span> <span class='ocrx_word' id='word_1_19' title='bbox 452 720 499 788; x_wconf 91' lang='lat' dir='ltr'><strong>de</strong></span> <span class='ocrx_word' id='word_1_20' title='bbox 528 741 567 787; x_wconf 90' lang='lat' dir='ltr'><strong>se</strong></span> <span class='ocrx_word' id='word_1_21' title='bbox 587 721 798 789; x_wconf 88' lang='lat' dir='ltr'><strong>hominum</strong></span> <span class='ocrx_word' id='word_1_22' title='bbox 828 719 1181 803; x_wconf 88' lang='lat' dir='ltr'><strong>existimationem,</strong></span> <span class='ocrx_word' id='word_1_23' title='bbox 1202 717 1412 794; x_wconf 75' lang='lat' dir='ltr'><strong>&#39;sedsuam</strong></span> <span class='ocrx_word' id='word_1_24' title='bbox 1449 717 1571 801; x_wconf 90' lang='lat' dir='ltr'><strong>ipsius</strong></span> <span class='ocrx_word' id='word_1_25' title='bbox 1600 721 1779 784; x_wconf 90' lang='lat' dir='ltr'><strong>naturam</strong></span> 
     </span>
     <span class='ocr_line' id='line_1_4' title="bbox 301 847 1776 936; baseline -0.003 -18"><span class='ocrx_word' id='word_1_26' title='bbox 301 852 434 920; x_wconf 91' lang='lat' dir='ltr'><strong>ducem</strong></span> <span class='ocrx_word' id='word_1_27' title='bbox 479 856 714 936; x_wconf 89' lang='lat' dir='ltr'><strong>sequeretur.</strong></span> <span class='ocrx_word' id='word_1_28' title='bbox 757 853 890 936; x_wconf 85' lang='lat' dir='ltr'><strong>Neque</strong></span> <span class='ocrx_word' id='word_1_29' title='bbox 933 851 1036 918; x_wconf 88' lang='lat' dir='ltr'><strong>euim</strong></span> <span class='ocrx_word' id='word_1_30' title='bbox 1076 851 1217 917; x_wconf 81' lang='lat' dir='ltr'><strong>Romae</strong></span> <span class='ocrx_word' id='word_1_31' title='bbox 1253 848 1350 915; x_wconf 90' lang='lat' dir='ltr'><strong>vixit</strong></span> <span class='ocrx_word' id='word_1_32' title='bbox 1384 849 1424 914; x_wconf 94' lang='lat' dir='ltr'><strong>in</strong></span> <span class='ocrx_word' id='word_1_33' title='bbox 1462 848 1542 914; x_wconf 91' lang='lat' dir='ltr'><strong>otio</strong></span> <span class='ocrx_word' id='word_1_34' title='bbox 1579 847 1776 915; x_wconf 86' lang='lat' dir='ltr'><strong>umbratili</strong></span> 
     </span>
     <span class='ocr_line' id='line_1_5' title="bbox 299 979 1825 1066; baseline -0.001 -19"><span class='ocrx_word' id='word_1_35' title='bbox 299 982 441 1048; x_wconf 91' lang='lat' dir='ltr'><strong>litteris</strong></span> <span class='ocrx_word' id='word_1_36' title='bbox 470 981 637 1066; x_wconf 87' lang='lat' dir='ltr'><strong>abditus,</strong></span> <span class='ocrx_word' id='word_1_37' title='bbox 667 981 733 1049; x_wconf 89' lang='lat' dir='ltr'><strong>sed</strong></span> <span class='ocrx_word' id='word_1_38' title='bbox 761 981 976 1064; x_wconf 79' lang='lat' dir='ltr'><strong>complures</strong></span> <span class='ocrx_word' id='word_1_39' title='bbox 1004 998 1138 1046; x_wconf 88' lang='lat' dir='ltr'><strong>causas</strong></span> <span class='ocrx_word' id='word_1_40' title='bbox 1167 980 1205 1044; x_wconf 92' lang='lat' dir='ltr'><strong>in</strong></span> <span class='ocrx_word' id='word_1_41' title='bbox 1237 979 1317 1047; x_wconf 85' lang='lat' dir='ltr'><strong>foro</strong></span> <span class='ocrx_word' id='word_1_42' title='bbox 1334 981 1428 1066; x_wconf 71' lang='lat' dir='ltr'><strong>,egit</strong></span> <span class='ocrx_word' id='word_1_43' title='bbox 1446 983 1564 1064; x_wconf 88' lang='lat' dir='ltr'><strong>atque</strong></span> <span class='ocrx_word' id='word_1_44' title='bbox 1592 980 1633 1046; x_wconf 91' lang='lat' dir='ltr'><strong>in</strong></span> <span class='ocrx_word' id='word_1_45' title='bbox 1660 980 1778 1047; x_wconf 82' lang='lat' dir='ltr'><strong>&#39;rebus</strong></span> <span class='ocrx_word' id='word_1_46' title='bbox 1824 1025 1825 1038; x_wconf 68' lang='lat'><strong>.</strong></span> 
     </span>
     <span class='ocr_line' id='line_1_6' title="bbox 299 1081 1778 1208; baseline -0.004 -32"><span class='ocrx_word' id='word_1_47' title='bbox 299 1111 466 1194; x_wconf 87' lang='lat' dir='ltr'><strong>publicis</strong></span> <span class='ocrx_word' id='word_1_48' title='bbox 494 1115 667 1178; x_wconf 88' lang='lat' dir='ltr'><strong>versatus</strong></span> <span class='ocrx_word' id='word_1_49' title='bbox 696 1111 826 1195; x_wconf 69' lang='lat' dir='ltr'><strong>est-si</strong></span> <span class='ocrx_word' id='word_1_50' title='bbox 856 1109 1009 1192; x_wconf 91' lang='lat' dir='ltr'><strong>quidem</strong></span> <span class='ocrx_word' id='word_1_51' title='bbox 1042 1081 1119 1175; x_wconf 89' lang='lat' dir='ltr'><strong>uno</strong></span> <span class='ocrx_word' id='word_1_52' title='bbox 1152 1126 1254 1174; x_wconf 92' lang='lat' dir='ltr'><strong>anno</strong></span> <span class='ocrx_word' id='word_1_53' title='bbox 1289 1112 1374 1191; x_wconf 89' lang='lat' dir='ltr'><strong>post</strong></span> <span class='ocrx_word' id='word_1_54' title='bbox 1403 1107 1571 1174; x_wconf 90' lang='lat' dir='ltr'><strong>reditum</strong></span> <span class='ocrx_word' id='word_1_55' title='bbox 1601 1112 1778 1208; x_wconf 87' lang='lat' dir='ltr'><strong>quaestu-</strong></span> 
     </span>
     <span class='ocr_line' id='line_1_7' title="bbox 298 1211 1780 1324; baseline -0.001 -20"><span class='ocrx_word' id='word_1_56' title='bbox 298 1257 377 1304; x_wconf 90' lang='lat' dir='ltr'><strong>ram</strong></span> <span class='ocrx_word' id='word_1_57' title='bbox 399 1239 579 1321; x_wconf 89' lang='lat' dir='ltr'><strong>consequi</strong></span> <span class='ocrx_word' id='word_1_58' title='bbox 602 1239 741 1321; x_wconf 89' lang='lat' dir='ltr'><strong>potuit.</strong></span> <span class='ocrx_word' id='word_1_59' title='bbox 755 1237 1002 1324; x_wconf 72' lang='lat' dir='ltr'><strong>Quaesturam</strong></span> <span class='ocrx_word' id='word_1_60' title='bbox 1024 1241 1153 1303; x_wconf 89' lang='lat' dir='ltr'><strong>autem</strong></span> <span class='ocrx_word' id='word_1_61' title='bbox 1175 1255 1256 1302; x_wconf 89' lang='lat' dir='ltr'><strong>esse</strong></span> <span class='ocrx_word' id='word_1_62' title='bbox 1276 1235 1557 1320; x_wconf 88' lang='lat' dir='ltr'><strong>renuntiatum,</strong></span> <span class='ocrx_word' id='word_1_63' title='bbox 1573 1211 1649 1302; x_wconf 47' lang='lat' dir='ltr'><strong>&#39;nos</strong></span> <span class='ocrx_word' id='word_1_64' title='bbox 1669 1235 1780 1303; x_wconf 87' lang='lat' dir='ltr'><strong>docet</strong></span> 
     </span>
     <span class='ocr_line' id='line_1_8' title="bbox 298 1364 1778 1452; baseline -0.002 -19"><span class='ocrx_word' id='word_1_65' title='bbox 298 1367 541 1452; x_wconf 78' lang='lat' dir='ltr'><strong>Plutarchus,</strong></span> <span class='ocrx_word' id='word_1_66' title='bbox 562 1387 647 1434; x_wconf 91' lang='lat' dir='ltr'><strong>cum</strong></span> <span class='ocrx_word' id='word_1_67' title='bbox 678 1367 814 1435; x_wconf 88' lang='lat' dir='ltr'><strong>civitas</strong></span> <span class='ocrx_word' id='word_1_68' title='bbox 843 1385 1019 1433; x_wconf 89' lang='lat' dir='ltr'><strong>annonae</strong></span> <span class='ocrx_word' id='word_1_69' title='bbox 1040 1365 1199 1432; x_wconf 92' lang='lat' dir='ltr'><strong>caritate</strong></span> <span class='ocrx_word' id='word_1_70' title='bbox 1218 1365 1433 1450; x_wconf 89' lang='lat' dir='ltr'><strong>laboraret;</strong></span> <span class='ocrx_word' id='word_1_71' title='bbox 1463 1384 1483 1431; x_wconf 91' lang='lat' dir='ltr'><strong>e</strong></span> <span class='ocrx_word' id='word_1_72' title='bbox 1514 1364 1695 1431; x_wconf 83' lang='lat' dir='ltr'><strong>Oicerone</strong></span> <span class='ocrx_word' id='word_1_73' title='bbox 1715 1385 1778 1448; x_wconf 87' lang='lat' dir='ltr'><strong>ap-</strong></span> 
     </span>
     <span class='ocr_line' id='line_1_9' title="bbox 299 1470 1799 1580; baseline -0.003 -18"><span class='ocrx_word' id='word_1_74' title='bbox 299 1499 418 1580; x_wconf 88' lang='lat' dir='ltr'><strong>paret,</strong></span> <span class='ocrx_word' id='word_1_75' title='bbox 448 1515 491 1562; x_wconf 91' lang='lat' dir='ltr'><strong>eo</strong></span> <span class='ocrx_word' id='word_1_76' title='bbox 521 1514 623 1562; x_wconf 91' lang='lat' dir='ltr'><strong>auno</strong></span> <span class='ocrx_word' id='word_1_77' title='bbox 651 1495 769 1561; x_wconf 84' lang='lat' dir='ltr'><strong>fuisse</strong></span> <span class='ocrx_word' id='word_1_78' title='bbox 800 1494 1040 1578; x_wconf 83' lang='lat' dir='ltr'><strong>inopiaurrei</strong></span> <span class='ocrx_word' id='word_1_79' title='bbox 1063 1492 1349 1579; x_wconf 79' lang='lat' dir='ltr'><strong>frumentariae,</strong></span> <span class='ocrx_word' id='word_1_80' title='bbox 1371 1511 1446 1575; x_wconf 91' lang='lat' dir='ltr'><strong>quo</strong></span> <span class='ocrx_word' id='word_1_81' title='bbox 1467 1493 1547 1576; x_wconf 88' lang='lat' dir='ltr'><strong>ipse</strong></span> <span class='ocrx_word' id='word_1_82' title='bbox 1578 1470 1799 1578; x_wconf 74' lang='lat' dir='ltr'><strong>magistra</strong></span> 
     </span>
     <span class='ocr_line' id='line_1_10' title="bbox 298 1624 1774 1714; baseline -0.002 -21"><span class='ocrx_word' id='word_1_83' title='bbox 298 1630 390 1693; x_wconf 86' lang='lat' dir='ltr'><strong>tum-</strong></span> <span class='ocrx_word' id='word_1_84' title='bbox 402 1631 562 1714; x_wconf 82' lang='lat' dir='ltr'><strong>gereret.</strong></span> <span class='ocrx_word' id='word_1_85' title='bbox 593 1626 688 1694; x_wconf 79' lang='lat' dir='ltr'><strong>(ium</strong></span> <span class='ocrx_word' id='word_1_86' title='bbox 710 1627 813 1693; x_wconf 84' lang='lat' dir='ltr'><strong>enirn</strong></span> <span class='ocrx_word' id='word_1_87' title='bbox 834 1631 935 1694; x_wconf 90' lang='lat' dir='ltr'><strong>esset</strong></span> <span class='ocrx_word' id='word_1_88' title='bbox 953 1630 1144 1709; x_wconf 88' lang='lat' dir='ltr'><strong>quaestor,</strong></span> <span class='ocrx_word' id='word_1_89' title='bbox 1163 1641 1345 1710; x_wconf 79' lang='lat' dir='ltr'><strong>magnum</strong></span> <span class='ocrx_word' id='word_1_90' title='bbox 1365 1643 1569 1691; x_wconf 90' lang='lat' dir='ltr'><strong>numerum</strong></span> <span class='ocrx_word' id='word_1_91' title='bbox 1590 1624 1774 1690; x_wconf 83' lang='lat' dir='ltr'><strong>frumenti</strong></span> 
     </span>
     <span class='ocr_line' id='line_1_11' title="bbox 299 1749 1780 1850; baseline -0.001 -32"><span class='ocrx_word' id='word_1_92' title='bbox 299 1770 319 1818; x_wconf 92' lang='lat' dir='ltr'><strong>e</strong></span> <span class='ocrx_word' id='word_1_93' title='bbox 350 1751 484 1818; x_wconf 84' lang='lat' dir='ltr'><strong>Sicilia</strong></span> <span class='ocrx_word' id='word_1_94' title='bbox 511 1753 669 1820; x_wconf 84' lang='lat' dir='ltr'><strong>Romam</strong></span> <span class='ocrx_word' id='word_1_95' title='bbox 701 1752 871 1850; x_wconf 72' lang='lat' dir='ltr'><strong>mittere,</strong></span> <span class='ocrx_word' id='word_1_96' title='bbox 886 1751 1013 1834; x_wconf 91' lang='lat' dir='ltr'><strong>potuit</strong></span> <span class='ocrx_word' id='word_1_97' title='bbox 1042 1750 1118 1836; x_wconf 82' lang='lat' dir='ltr'><strong>(pro</strong></span> <span class='ocrx_word' id='word_1_98' title='bbox 1146 1751 1305 1831; x_wconf 79' lang='lat' dir='ltr'><strong>Plancio,</strong></span> <span class='ocrx_word' id='word_1_99' title='bbox 1326 1753 1346 1833; x_wconf 70' lang='lat' dir='ltr'><strong>q</strong></span> <span class='ocrx_word' id='word_1_100' title='bbox 1367 1751 1429 1834; x_wconf 84' lang='lat'><strong>63,</strong></span> <span class='ocrx_word' id='word_1_101' title='bbox 1449 1751 1487 1816; x_wconf 85' lang='lat' dir='ltr'><strong>iu</strong></span> <span class='ocrx_word' id='word_1_102' title='bbox 1521 1749 1673 1831; x_wconf 78' lang='lat' dir='ltr'><strong>Verrem,</strong></span> <span class='ocrx_word' id='word_1_103' title='bbox 1704 1749 1780 1834; x_wconf 93' lang='lat' dir='ltr'><strong>III,</strong></span> 
     </span>
     <span class='ocr_line' id='line_1_12' title="bbox 299 1875 1804 1974; baseline -0.001 -30"><span class='ocrx_word' id='word_1_104' title='bbox 299 1875 443 1967; x_wconf 62' lang='lat' dir='ltr'><strong>stili).</strong></span> <span class='ocrx_word' id='word_1_105' title='bbox 474 1879 528 1946; x_wconf 87' lang='lat' dir='ltr'><strong>At</strong></span> <span class='ocrx_word' id='word_1_106' title='bbox 556 1879 596 1946; x_wconf 93' lang='lat' dir='ltr'><strong>in</strong></span> <span class='ocrx_word' id='word_1_107' title='bbox 626 1879 779 1962; x_wconf 87' lang='lat' dir='ltr'><strong>scriptis</strong></span> <span class='ocrx_word' id='word_1_108' title='bbox 799 1877 1003 1962; x_wconf 76' lang='lat' dir='ltr'><strong>Tullianis,</strong></span> <span class='ocrx_word' id='word_1_109' title='bbox 1033 1897 1130 1960; x_wconf 88' lang='lat' dir='ltr'><strong>quae</strong></span> <span class='ocrx_word' id='word_1_110' title='bbox 1160 1877 1315 1960; x_wconf 89' lang='lat' dir='ltr'><strong>quidem</strong></span> <span class='ocrx_word' id='word_1_111' title='bbox 1345 1881 1510 1962; x_wconf 88' lang='lat' dir='ltr'><strong>exstent,</strong></span> <span class='ocrx_word' id='word_1_112' title='bbox 1532 1897 1610 1944; x_wconf 91' lang='lat' dir='ltr'><strong>non</strong></span> <span class='ocrx_word' id='word_1_113' title='bbox 1641 1877 1804 1974; x_wconf 41' lang='lat' dir='ltr'><strong>reperiy</strong></span> 
     </span>
    </p>
   </div>
   <div class='ocr_carea' id='block_1_3' title="bbox 298 2007 1778 2226">
    <p class='ocr_par' dir='ltr' id='par_1_3' title="bbox 298 2007 1778 2226">
     <span class='ocr_line' id='line_1_13' title="bbox 298 2007 1778 2094; baseline 0 -20"><span class='ocrx_word' id='word_1_114' title='bbox 298 2029 397 2094; x_wconf 89' lang='lat' dir='ltr'><strong>mus,</strong></span> <span class='ocrx_word' id='word_1_115' title='bbox 427 2010 528 2094; x_wconf 90' lang='lat' dir='ltr'><strong>quod</strong></span> <span class='ocrx_word' id='word_1_116' title='bbox 559 2014 616 2077; x_wconf 85' lang='lat' dir='ltr'><strong>est</strong></span> <span class='ocrx_word' id='word_1_117' title='bbox 645 2008 746 2094; x_wconf 89' lang='lat' dir='ltr'><strong>apud</strong></span> <span class='ocrx_word' id='word_1_118' title='bbox 776 2007 1050 2092; x_wconf 82' lang='lat' dir='ltr'><strong>Plutarchum,</strong></span> <span class='ocrx_word' id='word_1_119' title='bbox 1081 2008 1302 2076; x_wconf 76' lang='lat' dir='ltr'><strong>Ciceronem</strong></span> <span class='ocrx_word' id='word_1_120' title='bbox 1333 2008 1482 2075; x_wconf 90' lang='lat' dir='ltr'><strong>nobiles</strong></span> <span class='ocrx_word' id='word_1_121' title='bbox 1511 2007 1778 2075; x_wconf 83' lang='lat' dir='ltr'><strong>adulescentes</strong></span> 
     </span>
     <span class='ocr_line' id='line_1_14' title="bbox 298 2107 1775 2226; baseline -0.001 -20"><span class='ocrx_word' id='word_1_122' title='bbox 298 2139 398 2223; x_wconf 89' lang='lat' dir='ltr'><strong>apud</strong></span> <span class='ocrx_word' id='word_1_123' title='bbox 429 2143 641 2222; x_wconf 86' lang='lat' dir='ltr'><strong>praetorem</strong></span> <span class='ocrx_word' id='word_1_124' title='bbox 671 2117 839 2205; x_wconf 80' lang='lat' dir='ltr'><strong>Siciliae</strong></span> <span class='ocrx_word' id='word_1_125' title='bbox 856 2136 1085 2223; x_wconf 86' lang='lat' dir='ltr'><strong>defendisse,</strong></span> <span class='ocrx_word' id='word_1_126' title='bbox 1115 2139 1181 2220; x_wconf 91' lang='lat' dir='ltr'><strong>qui</strong></span> <span class='ocrx_word' id='word_1_127' title='bbox 1202 2107 1314 2205; x_wconf 53' lang='lat' dir='ltr'><strong>⁴bello</strong></span> <span class='ocrx_word' id='word_1_128' title='bbox 1343 2139 1472 2205; x_wconf 89' lang='lat' dir='ltr'><strong>nescio</strong></span> <span class='ocrx_word' id='word_1_129' title='bbox 1501 2139 1775 2226; x_wconf 82' lang='lat' dir='ltr'><strong>quomolliter</strong></span> 
     </span>
    </p>
   </div>
   <div class='ocr_carea' id='block_1_4' title="bbox 208 2265 1777 2355">
    <p class='ocr_par' dir='ltr' id='par_1_4' title="bbox 208 2265 1777 2355">
     <span class='ocr_line' id='line_1_15' title="bbox 208 2265 1777 2355; baseline -0.001 -20"><span class='ocrx_word' id='word_1_130' title='bbox 208 2347 212 2354; x_wconf 28' lang='lat'>¹</span> <span class='ocrx_word' id='word_1_131' title='bbox 298 2287 338 2335; x_wconf 89' lang='lat' dir='ltr'><strong>se</strong></span> <span class='ocrx_word' id='word_1_132' title='bbox 367 2269 588 2355; x_wconf 85' lang='lat' dir='ltr'><strong>gessissent.</strong></span> <span class='ocrx_word' id='word_1_133' title='bbox 618 2269 715 2334; x_wconf 80' lang='lat' dir='ltr'><strong>Pum</strong></span> <span class='ocrx_word' id='word_1_134' title='bbox 745 2265 861 2332; x_wconf 89' lang='lat' dir='ltr'><strong>etiam</strong></span> <span class='ocrx_word' id='word_1_135' title='bbox 892 2266 1124 2334; x_wconf 89' lang='lat' dir='ltr'><strong>Plutarchus</strong></span> <span class='ocrx_word' id='word_1_136' title='bbox 1152 2269 1326 2354; x_wconf 83' lang='lat' dir='ltr'><strong>suggerit</strong></span> <span class='ocrx_word' id='word_1_137' title='bbox 1359 2287 1436 2334; x_wconf 90' lang='lat' dir='ltr'><strong>rem</strong></span> <span class='ocrx_word' id='word_1_138' title='bbox 1474 2286 1565 2334; x_wconf 89' lang='lat' dir='ltr'><strong>sanc</strong></span> <span class='ocrx_word' id='word_1_139' title='bbox 1594 2267 1777 2353; x_wconf 91' lang='lat' dir='ltr'><strong>lepidam,</strong></span> 
     </span>
    </p>
   </div>
   <div class='ocr_carea' id='block_1_5' title="bbox 298 2393 1885 2481">
    <p class='ocr_par' dir='ltr' id='par_1_5' title="bbox 298 2393 1885 2481">
     <span class='ocr_line' id='line_1_16' title="bbox 298 2393 1885 2481; baseline 0.003 -21"><span class='ocrx_word' id='word_1_140' title='bbox 298 2414 395 2478; x_wconf 90' lang='lat' dir='ltr'><strong>quae</strong></span> <span class='ocrx_word' id='word_1_141' title='bbox 425 2394 598 2462; x_wconf 84' lang='lat' dir='ltr'><strong>Oieeroni</strong></span> <span class='ocrx_word' id='word_1_142' title='bbox 629 2414 649 2461; x_wconf 89' lang='lat' dir='ltr'><strong>e</strong></span> <span class='ocrx_word' id='word_1_143' title='bbox 678 2394 876 2477; x_wconf 90' lang='lat' dir='ltr'><strong>provincia</strong></span> <span class='ocrx_word' id='word_1_144' title='bbox 913 2393 1112 2462; x_wconf 87' lang='lat' dir='ltr'><strong>decedenti</strong></span> <span class='ocrx_word' id='word_1_145' title='bbox 1144 2397 1338 2481; x_wconf 87' lang='lat' dir='ltr'><strong>evenerit,</strong></span> <span class='ocrx_word' id='word_1_146' title='bbox 1369 2398 1572 2480; x_wconf 89' lang='lat' dir='ltr'><strong>ipsumque</strong></span> <span class='ocrx_word' id='word_1_147' title='bbox 1597 2399 1772 2464; x_wconf 69' lang='lat' dir='ltr'><strong>Tullium</strong></span> <span class='ocrx_word' id='word_1_148' title='bbox 1882 2403 1885 2410; x_wconf 83' lang='grc'><strong>’</strong></span> 
     </span>
    </p>
   </div>
   <div class='ocr_carea' id='block_1_6' title="bbox 293 2526 1857 4940">
    <p class='ocr_par' dir='ltr' id='par_1_6' title="bbox 296 2526 1787 3648">
     <span class='ocr_line' id='line_1_17' title="bbox 298 2526 1777 2612; baseline 0.001 -19"><span class='ocrx_word' id='word_1_149' title='bbox 298 2527 442 2612; x_wconf 83' lang='lat' dir='ltr'><strong>profert</strong></span> <span class='ocrx_word' id='word_1_150' title='bbox 463 2526 742 2610; x_wconf 88' lang='lat' dir='ltr'><strong>testimonium,</strong></span> <span class='ocrx_word' id='word_1_151' title='bbox 764 2526 872 2608; x_wconf 87' lang='lat' dir='ltr'><strong>quasi</strong></span> <span class='ocrx_word' id='word_1_152' title='bbox 895 2526 1096 2593; x_wconf 89' lang='lat' dir='ltr'><strong>ostendere</strong></span> <span class='ocrx_word' id='word_1_153' title='bbox 1117 2528 1294 2612; x_wconf 89' lang='lat' dir='ltr'><strong>voluerit,</strong></span> <span class='ocrx_word' id='word_1_154' title='bbox 1315 2547 1361 2594; x_wconf 91' lang='lat' dir='ltr'><strong>ex</strong></span> <span class='ocrx_word' id='word_1_155' title='bbox 1378 2546 1425 2602; x_wconf 59' lang='lat' dir='ltr'><strong>,eo</strong></span> <span class='ocrx_word' id='word_1_156' title='bbox 1446 2528 1777 2595; x_wconf 86' lang='lat' dir='ltr'><strong>narratiunculam</strong></span> 
     </span>
     <span class='ocr_line' id='line_1_18' title="bbox 297 2654 1777 2749; baseline -0.001 -25"><span class='ocrx_word' id='word_1_157' title='bbox 297 2660 489 2741; x_wconf 88' lang='lat' dir='ltr'><strong>sumptam</strong></span> <span class='ocrx_word' id='word_1_158' title='bbox 521 2676 613 2724; x_wconf 89' lang='lat' dir='ltr'><strong>esse.</strong></span> <span class='ocrx_word' id='word_1_159' title='bbox 645 2654 731 2738; x_wconf 84' lang='lat' dir='ltr'><strong>Sed,</strong></span> <span class='ocrx_word' id='word_1_160' title='bbox 762 2673 874 2737; x_wconf 90' lang='lat' dir='ltr'><strong>quam</strong></span> <span class='ocrx_word' id='word_1_161' title='bbox 907 2655 1116 2749; x_wconf 89' lang='lat' dir='ltr'><strong>reperimus</strong></span> <span class='ocrx_word' id='word_1_162' title='bbox 1145 2655 1186 2721; x_wconf 90' lang='lat' dir='ltr'><strong>iu</strong></span> <span class='ocrx_word' id='word_1_163' title='bbox 1216 2656 1391 2722; x_wconf 89' lang='lat' dir='ltr'><strong>oratione</strong></span> <span class='ocrx_word' id='word_1_164' title='bbox 1420 2675 1487 2738; x_wconf 91' lang='lat' dir='ltr'><strong>pro</strong></span> <span class='ocrx_word' id='word_1_165' title='bbox 1516 2657 1692 2741; x_wconf 86' lang='lat' dir='ltr'><strong>Plancio,</strong></span> <span class='ocrx_word' id='word_1_166' title='bbox 1722 2657 1777 2722; x_wconf 92' lang='lat' dir='ltr'><strong>hi-</strong></span> 
     </span>
     <span class='ocr_line' id='line_1_19' title="bbox 297 2783 1775 2870; baseline -0.001 -19"><span class='ocrx_word' id='word_1_167' title='bbox 297 2785 454 2852; x_wconf 90' lang='lat' dir='ltr'><strong>storiola</strong></span> <span class='ocrx_word' id='word_1_168' title='bbox 491 2783 696 2851; x_wconf 87' lang='lat' dir='ltr'><strong>iucundior</strong></span> <span class='ocrx_word' id='word_1_169' title='bbox 724 2787 794 2866; x_wconf 90' lang='lat' dir='ltr'><strong>est,</strong></span> <span class='ocrx_word' id='word_1_170' title='bbox 824 2800 949 2864; x_wconf 85' lang='lat' dir='ltr'><strong>neque</strong></span> <span class='ocrx_word' id='word_1_171' title='bbox 979 2783 1017 2849; x_wconf 92' lang='lat' dir='ltr'><strong>in</strong></span> <span class='ocrx_word' id='word_1_172' title='bbox 1050 2783 1229 2858; x_wconf 89' lang='lat' dir='ltr'><strong>omuibus</strong></span> <span class='ocrx_word' id='word_1_173' title='bbox 1265 2783 1445 2870; x_wconf 86' lang='lat' dir='ltr'><strong>congruit</strong></span> <span class='ocrx_word' id='word_1_174' title='bbox 1483 2804 1568 2851; x_wconf 93' lang='lat' dir='ltr'><strong>cum</strong></span> <span class='ocrx_word' id='word_1_175' title='bbox 1601 2785 1648 2851; x_wconf 89' lang='lat' dir='ltr'><strong>iis</strong></span> <span class='ocrx_word' id='word_1_176' title='bbox 1678 2803 1775 2868; x_wconf 89' lang='lat' dir='ltr'><strong>quae</strong></span> 
     </span>
     <span class='ocr_line' id='line_1_20' title="bbox 297 2910 1772 2997; baseline -0.001 -18"><span class='ocrx_word' id='word_1_177' title='bbox 297 2915 336 2979; x_wconf 92' lang='lat' dir='ltr'><strong>in</strong></span> <span class='ocrx_word' id='word_1_178' title='bbox 369 2914 449 2980; x_wconf 91' lang='lat' dir='ltr'><strong>vita</strong></span> <span class='ocrx_word' id='word_1_179' title='bbox 478 2915 723 2997; x_wconf 88' lang='lat' dir='ltr'><strong>exponuntur</strong></span> <span class='ocrx_word' id='word_1_180' title='bbox 754 2910 801 2996; x_wconf 83' lang='lat'><strong>1).</strong></span> <span class='ocrx_word' id='word_1_181' title='bbox 824 2911 948 2996; x_wconf 74' lang='lat' dir='ltr'><strong>Quare</strong></span> <span class='ocrx_word' id='word_1_182' title='bbox 969 2911 1152 2995; x_wconf 86' lang='lat' dir='ltr'><strong>suspicari</strong></span> <span class='ocrx_word' id='word_1_183' title='bbox 1176 2911 1320 2996; x_wconf 89' lang='lat' dir='ltr'><strong>malim,</strong></span> <span class='ocrx_word' id='word_1_184' title='bbox 1341 2912 1563 2996; x_wconf 87' lang='lat' dir='ltr'><strong>scriptorem</strong></span> <span class='ocrx_word' id='word_1_185' title='bbox 1586 2913 1772 2980; x_wconf 87' lang='lat' dir='ltr'><strong>Graecum</strong></span> 
     </span>
     <span class='ocr_line' id='line_1_21' title="bbox 296 3039 1773 3128; baseline 0 -19"><span class='ocrx_word' id='word_1_186' title='bbox 296 3062 341 3110; x_wconf 89' lang='lat' dir='ltr'><strong>ex</strong></span> <span class='ocrx_word' id='word_1_187' title='bbox 370 3043 447 3110; x_wconf 91' lang='lat' dir='ltr'><strong>alio</strong></span> <span class='ocrx_word' id='word_1_188' title='bbox 475 3042 582 3109; x_wconf 86' lang='lat' dir='ltr'><strong>fonte</strong></span> <span class='ocrx_word' id='word_1_189' title='bbox 619 3060 695 3107; x_wconf 88' lang='lat' dir='ltr'><strong>rem</strong></span> <span class='ocrx_word' id='word_1_190' title='bbox 738 3039 920 3107; x_wconf 89' lang='lat' dir='ltr'><strong>hausisse.</strong></span> <span class='ocrx_word' id='word_1_191' title='bbox 950 3041 1082 3124; x_wconf 84' lang='lat' dir='ltr'><strong>Neque</strong></span> <span class='ocrx_word' id='word_1_192' title='bbox 1121 3047 1179 3108; x_wconf 90' lang='lat' dir='ltr'><strong>est</strong></span> <span class='ocrx_word' id='word_1_193' title='bbox 1213 3042 1488 3128; x_wconf 81' lang='lat' dir='ltr'><strong>cogitandum,</strong></span> <span class='ocrx_word' id='word_1_194' title='bbox 1524 3043 1773 3110; x_wconf 89' lang='lat' dir='ltr'><strong>Plutarchum</strong></span> 
     </span>
     <span class='ocr_line' id='line_1_22' title="bbox 300 3169 1779 3258; baseline 0.001 -20"><span class='ocrx_word' id='word_1_195' title='bbox 300 3173 421 3243; x_wconf 91' lang='lat' dir='ltr'><strong>multo</strong></span> <span class='ocrx_word' id='word_1_196' title='bbox 450 3176 540 3239; x_wconf 91' lang='lat' dir='ltr'><strong>ante</strong></span> <span class='ocrx_word' id='word_1_197' title='bbox 570 3190 681 3254; x_wconf 89' lang='lat' dir='ltr'><strong>quam</strong></span> <span class='ocrx_word' id='word_1_198' title='bbox 710 3169 756 3236; x_wconf 92' lang='lat' dir='ltr'><strong>de</strong></span> <span class='ocrx_word' id='word_1_199' title='bbox 777 3169 904 3236; x_wconf 81' lang='lat' dir='ltr'><strong>&#39;Pullio</strong></span> <span class='ocrx_word' id='word_1_200' title='bbox 933 3170 1037 3236; x_wconf 91' lang='lat' dir='ltr'><strong>hunc</strong></span> <span class='ocrx_word' id='word_1_201' title='bbox 1064 3172 1205 3238; x_wconf 94' lang='lat' dir='ltr'><strong>librum</strong></span> <span class='ocrx_word' id='word_1_202' title='bbox 1235 3173 1430 3258; x_wconf 86' lang='lat' dir='ltr'><strong>scriberet,</strong></span> <span class='ocrx_word' id='word_1_203' title='bbox 1451 3174 1701 3240; x_wconf 84' lang='lat' dir='ltr'><strong>Plancianam</strong></span> <span class='ocrx_word' id='word_1_204' title='bbox 1728 3175 1779 3240; x_wconf 83' lang='lat' dir='ltr'><strong>le-</strong></span> 
     </span>
     <span class='ocr_line' id='line_1_23' title="bbox 296 3299 1777 3392; baseline -0.002 -21"><span class='ocrx_word' id='word_1_205' title='bbox 296 3305 419 3392; x_wconf 85' lang='lat' dir='ltr'><strong>gissa,</strong></span> <span class='ocrx_word' id='word_1_206' title='bbox 449 3307 489 3370; x_wconf 90' lang='lat' dir='ltr'><strong>et</strong></span> <span class='ocrx_word' id='word_1_207' title='bbox 528 3305 612 3387; x_wconf 92' lang='lat' dir='ltr'><strong>post</strong></span> <span class='ocrx_word' id='word_1_208' title='bbox 641 3321 686 3368; x_wconf 93' lang='lat' dir='ltr'><strong>ea</strong></span> <span class='ocrx_word' id='word_1_209' title='bbox 715 3319 812 3384; x_wconf 89' lang='lat' dir='ltr'><strong>quae</strong></span> <span class='ocrx_word' id='word_1_210' title='bbox 840 3319 973 3383; x_wconf 88' lang='lat' dir='ltr'><strong>parum</strong></span> <span class='ocrx_word' id='word_1_211' title='bbox 1004 3299 1170 3366; x_wconf 86' lang='lat' dir='ltr'><strong>fideliter</strong></span> <span class='ocrx_word' id='word_1_212' title='bbox 1213 3302 1396 3367; x_wconf 90' lang='lat' dir='ltr'><strong>memoria</strong></span> <span class='ocrx_word' id='word_1_213' title='bbox 1440 3305 1591 3369; x_wconf 89' lang='lat' dir='ltr'><strong>teneret</strong></span> <span class='ocrx_word' id='word_1_214' title='bbox 1633 3302 1777 3369; x_wconf 90' lang='lat' dir='ltr'><strong>litteris</strong></span> 
     </span>
     <span class='ocr_line' id='line_1_24' title="bbox 296 3432 1787 3522; baseline 0.001 -20"><span class='ocrx_word' id='word_1_215' title='bbox 296 3436 553 3522; x_wconf 85' lang='lat' dir='ltr'><strong>consignasse.</strong></span> <span class='ocrx_word' id='word_1_216' title='bbox 584 3435 771 3518; x_wconf 86' lang='lat' dir='ltr'><strong>Namque,</strong></span> <span class='ocrx_word' id='word_1_217' title='bbox 793 3437 837 3498; x_wconf 92' lang='lat' dir='ltr'><strong>ut</strong></span> <span class='ocrx_word' id='word_1_218' title='bbox 857 3432 957 3499; x_wconf 89' lang='lat' dir='ltr'><strong>infra</strong></span> <span class='ocrx_word' id='word_1_219' title='bbox 977 3432 1434 3518; x_wconf 68' lang='lat' dir='ltr'><strong>demonstrabimus,uo‘n</strong></span> <span class='ocrx_word' id='word_1_220' title='bbox 1456 3432 1598 3501; x_wconf 89' lang='lat' dir='ltr'><strong>desunt</strong></span> <span class='ocrx_word' id='word_1_221' title='bbox 1618 3433 1787 3519; x_wconf 84' lang='lat' dir='ltr'><strong>indicia,</strong></span> 
     </span>
     <span class='ocr_line' id='line_1_25' title="bbox 296 3561 1640 3648; baseline 0.001 -19"><span class='ocrx_word' id='word_1_222' title='bbox 296 3582 342 3629; x_wconf 90' lang='lat' dir='ltr'><strong>ex</strong></span> <span class='ocrx_word' id='word_1_223' title='bbox 372 3564 511 3648; x_wconf 90' lang='lat' dir='ltr'><strong>quibus</strong></span> <span class='ocrx_word' id='word_1_224' title='bbox 541 3564 714 3646; x_wconf 86' lang='lat' dir='ltr'><strong>efficitur,</strong></span> <span class='ocrx_word' id='word_1_225' title='bbox 745 3581 830 3629; x_wconf 92' lang='lat' dir='ltr'><strong>eum</strong></span> <span class='ocrx_word' id='word_1_226' title='bbox 864 3561 940 3627; x_wconf 88' lang='lat' dir='ltr'><strong>illa&#39;</strong></span> <span class='ocrx_word' id='word_1_227' title='bbox 961 3561 1134 3628; x_wconf 89' lang='lat' dir='ltr'><strong>oratioue</strong></span> <span class='ocrx_word' id='word_1_228' title='bbox 1164 3580 1372 3644; x_wconf 90' lang='lat' dir='ltr'><strong>numquam</strong></span> <span class='ocrx_word' id='word_1_229' title='bbox 1406 3581 1516 3630; x_wconf 91' lang='lat' dir='ltr'><strong>usum</strong></span> <span class='ocrx_word' id='word_1_230' title='bbox 1547 3581 1640 3646; x_wconf 87' lang='lat' dir='ltr'><strong>esse.</strong></span> 
     </span>
    </p>

    <p class='ocr_par' dir='ltr' id='par_1_7' title="bbox 293 3692 1857 4940">
     <span class='ocr_line' id='line_1_26' title="bbox 403 3692 1777 3783; baseline -0.002 -21"><span class='ocrx_word' id='word_1_231' title='bbox 403 3694 444 3762; x_wconf 77' lang='grc' dir='ltr'><strong>Ο.</strong></span> <span class='ocrx_word' id='word_1_232' title='bbox 475 3696 624 3781; x_wconf 86' lang='lat' dir='ltr'><strong>Verres,</strong></span> <span class='ocrx_word' id='word_1_233' title='bbox 655 3714 739 3761; x_wconf 91' lang='lat' dir='ltr'><strong>cum</strong></span> <span class='ocrx_word' id='word_1_234' title='bbox 773 3693 942 3760; x_wconf 82' lang='lat' dir='ltr'><strong>Siciliam</strong></span> <span class='ocrx_word' id='word_1_235' title='bbox 974 3693 1212 3776; x_wconf 89' lang='lat' dir='ltr'><strong>provinciam</strong></span> <span class='ocrx_word' id='word_1_236' title='bbox 1242 3712 1309 3777; x_wconf 90' lang='lat' dir='ltr'><strong>per</strong></span> <span class='ocrx_word' id='word_1_237' title='bbox 1339 3694 1559 3760; x_wconf 89' lang='lat' dir='ltr'><strong>triennium</strong></span> <span class='ocrx_word' id='word_1_238' title='bbox 1581 3692 1644 3783; x_wconf 91' lang='lat' dir='ltr'><strong>(ab</strong></span> <span class='ocrx_word' id='word_1_239' title='bbox 1674 3713 1777 3760; x_wconf 89' lang='lat' dir='ltr'><strong>anno</strong></span> 
     </span>
     <span class='ocr_line' id='line_1_27' title="bbox 297 3822 1778 3910; baseline 0.001 -20"><span class='ocrx_word' id='word_1_240' title='bbox 297 3825 369 3890; x_wconf 88' lang='lat'><strong>681</strong></span> <span class='ocrx_word' id='word_1_241' title='bbox 402 3822 746 3909; x_wconf 74' lang='lat' dir='ltr'><strong>adornandae)</strong></span> <span class='ocrx_word' id='word_1_242' title='bbox 785 3843 851 3906; x_wconf 92' lang='lat' dir='ltr'><strong>pro</strong></span> <span class='ocrx_word' id='word_1_243' title='bbox 895 3827 1068 3906; x_wconf 90' lang='lat' dir='ltr'><strong>praetore</strong></span> <span class='ocrx_word' id='word_1_244' title='bbox 1111 3822 1366 3910; x_wconf 83' lang='lat' dir='ltr'><strong>obtinuisset,</strong></span> <span class='ocrx_word' id='word_1_245' title='bbox 1397 3828 1513 3908; x_wconf 89' lang='lat' dir='ltr'><strong>atque</strong></span> <span class='ocrx_word' id='word_1_246' title='bbox 1542 3843 1655 3892; x_wconf 91' lang='lat' dir='ltr'><strong>avare</strong></span> <span class='ocrx_word' id='word_1_247' title='bbox 1694 3843 1778 3909; x_wconf 17' lang='lat' dir='ltr'><strong>cru-y</strong></span> 
     </span>
     <span class='ocr_line' id='line_1_28' title="bbox 295 3947 1772 4034; baseline 0.003 -20"><span class='ocrx_word' id='word_1_248' title='bbox 295 3947 509 4033; x_wconf 81' lang='lat' dir='ltr'><strong>del&#39;iterque</strong></span> <span class='ocrx_word' id='word_1_249' title='bbox 556 3949 802 4034; x_wconf 89' lang='lat' dir='ltr'><strong>vexavisset,</strong></span> <span class='ocrx_word' id='word_1_250' title='bbox 841 3947 1139 4032; x_wconf 88' lang='lat' dir='ltr'><strong>repetundarum</strong></span> <span class='ocrx_word' id='word_1_251' title='bbox 1183 3969 1206 4016; x_wconf 88' lang='lat' dir='ltr'><strong>a</strong></span> <span class='ocrx_word' id='word_1_252' title='bbox 1249 3950 1389 4018; x_wconf 84' lang='lat' dir='ltr'><strong>Siculis</strong></span> <span class='ocrx_word' id='word_1_253' title='bbox 1436 3954 1494 4018; x_wconf 90' lang='lat' dir='ltr'><strong>est</strong></span> <span class='ocrx_word' id='word_1_254' title='bbox 1542 3951 1772 4034; x_wconf 88' lang='lat' dir='ltr'><strong>postulatus.</strong></span> 
     </span>
     <span class='ocr_line' id='line_1_29' title="bbox 294 4053 1774 4163; baseline 0.001 -21"><span class='ocrx_word' id='word_1_255' title='bbox 294 4077 442 4144; x_wconf 91' lang='lat' dir='ltr'><strong>Horum</strong></span> <span class='ocrx_word' id='word_1_256' title='bbox 477 4077 735 4163; x_wconf 89' lang='lat' dir='ltr'><strong>patrocinium</strong></span> <span class='ocrx_word' id='word_1_257' title='bbox 775 4077 944 4160; x_wconf 88' lang='lat' dir='ltr'><strong>suscepit</strong></span> <span class='ocrx_word' id='word_1_258' title='bbox 980 4077 1132 4143; x_wconf 77' lang='lat' dir='ltr'><strong>Tullius</strong></span> <span class='ocrx_word' id='word_1_259' title='bbox 1167 4053 1291 4145; x_wconf 88' lang='lat' dir='ltr'><strong>tribus</strong></span> <span class='ocrx_word' id='word_1_260' title='bbox 1325 4084 1412 4162; x_wconf 91' lang='lat' dir='ltr'><strong>post</strong></span> <span class='ocrx_word' id='word_1_261' title='bbox 1447 4079 1560 4146; x_wconf 90' lang='lat' dir='ltr'><strong>annis</strong></span> <span class='ocrx_word' id='word_1_262' title='bbox 1589 4097 1703 4161; x_wconf 90' lang='lat' dir='ltr'><strong>quam</strong></span> <span class='ocrx_word' id='word_1_263' title='bbox 1734 4078 1774 4144; x_wconf 90' lang='lat' dir='ltr'><strong>in</strong></span> 
     </span>
     <span class='ocr_line' id='line_1_30' title="bbox 294 4205 1773 4292; baseline 0.001 -21"><span class='ocrx_word' id='word_1_264' title='bbox 294 4205 425 4272; x_wconf 89' lang='lat' dir='ltr'><strong>urbem</strong></span> <span class='ocrx_word' id='word_1_265' title='bbox 476 4205 617 4292; x_wconf 91' lang='lat' dir='ltr'><strong>rediit,</strong></span> <span class='ocrx_word' id='word_1_266' title='bbox 663 4206 945 4288; x_wconf 86' lang='lat' dir='ltr'><strong>maximamque</strong></span> <span class='ocrx_word' id='word_1_267' title='bbox 982 4205 1137 4272; x_wconf 90' lang='lat' dir='ltr'><strong>laudem</strong></span> <span class='ocrx_word' id='word_1_268' title='bbox 1175 4206 1247 4272; x_wconf 89' lang='lat' dir='ltr'><strong>sibi</strong></span> <span class='ocrx_word' id='word_1_269' title='bbox 1292 4208 1453 4292; x_wconf 91' lang='lat' dir='ltr'><strong>peperit.</strong></span> <span class='ocrx_word' id='word_1_270' title='bbox 1497 4208 1640 4274; x_wconf 90' lang='lat' dir='ltr'><strong>Mirum</strong></span> <span class='ocrx_word' id='word_1_271' title='bbox 1684 4210 1773 4290; x_wconf 88' lang='lat' dir='ltr'><strong>est,</strong></span> 
     </span>
     <span class='ocr_line' id='line_1_31' title="bbox 294 4334 1772 4422; baseline 0.001 -20"><span class='ocrx_word' id='word_1_272' title='bbox 294 4355 415 4418; x_wconf 90' lang='lat' dir='ltr'><strong>quam</strong></span> <span class='ocrx_word' id='word_1_273' title='bbox 440 4336 618 4422; x_wconf 91' lang='lat' dir='ltr'><strong>breviter,</strong></span> <span class='ocrx_word' id='word_1_274' title='bbox 649 4355 763 4419; x_wconf 93' lang='lat' dir='ltr'><strong>quam</strong></span> <span class='ocrx_word' id='word_1_275' title='bbox 794 4335 926 4419; x_wconf 90' lang='lat' dir='ltr'><strong>inepte</strong></span> <span class='ocrx_word' id='word_1_276' title='bbox 956 4334 1002 4401; x_wconf 91' lang='lat' dir='ltr'><strong>de</strong></span> <span class='ocrx_word' id='word_1_277' title='bbox 1031 4334 1102 4401; x_wconf 89' lang='lat' dir='ltr'><strong>hac</strong></span> <span class='ocrx_word' id='word_1_278' title='bbox 1131 4355 1246 4403; x_wconf 89' lang='lat' dir='ltr'><strong>causa</strong></span> <span class='ocrx_word' id='word_1_279' title='bbox 1283 4337 1501 4421; x_wconf 89' lang='lat' dir='ltr'><strong>exposuerit</strong></span> <span class='ocrx_word' id='word_1_280' title='bbox 1529 4337 1772 4404; x_wconf 88' lang='lat' dir='ltr'><strong>Plutarchus.</strong></span> 
     </span>
     <span class='ocr_line' id='line_1_32' title="bbox 294 4437 1778 4552; baseline 0.001 -23"><span class='ocrx_word' id='word_1_281' title='bbox 294 4461 438 4548; x_wconf 83' lang='lat' dir='ltr'><strong>Oicero,</strong></span> <span class='ocrx_word' id='word_1_282' title='bbox 469 4465 611 4550; x_wconf 90' lang='lat' dir='ltr'><strong>inquit,</strong></span> <span class='ocrx_word' id='word_1_283' title='bbox 634 4483 740 4531; x_wconf 90' lang='lat' dir='ltr'><strong>reum</strong></span> <span class='ocrx_word' id='word_1_284' title='bbox 771 4463 978 4546; x_wconf 88' lang='lat' dir='ltr'><strong>prostravit</strong></span> <span class='ocrx_word' id='word_1_285' title='bbox 1007 4482 1083 4529; x_wconf 91' lang='lat' dir='ltr'><strong>uon</strong></span> <span class='ocrx_word' id='word_1_286' title='bbox 1117 4470 1194 4531; x_wconf 90' lang='lat' dir='ltr'><strong>tam</strong></span> <span class='ocrx_word' id='word_1_287' title='bbox 1224 4468 1410 4552; x_wconf 88' lang='lat' dir='ltr'><strong>oratioue,</strong></span> <span class='ocrx_word' id='word_1_288' title='bbox 1431 4437 1559 4552; x_wconf 80' lang='lat' dir='ltr'><strong>quam,</strong></span> <span class='ocrx_word' id='word_1_289' title='bbox 1581 4469 1625 4532; x_wconf 90' lang='lat' dir='ltr'><strong>ut</strong></span> <span class='ocrx_word' id='word_1_290' title='bbox 1647 4466 1702 4532; x_wconf 92' lang='lat' dir='ltr'><strong>ita</strong></span> <span class='ocrx_word' id='word_1_291' title='bbox 1724 4463 1778 4530; x_wconf 87' lang='lat' dir='ltr'><strong>di-</strong></span> 
     </span>
     <span class='ocr_line' id='line_1_33' title="bbox 293 4591 1774 4676; baseline 0.003 -22"><span class='ocrx_word' id='word_1_292' title='bbox 293 4607 389 4674; x_wconf 92' lang='lat' dir='ltr'><strong>cam,</strong></span> <span class='ocrx_word' id='word_1_293' title='bbox 410 4609 488 4656; x_wconf 91' lang='lat' dir='ltr'><strong>non</strong></span> <span class='ocrx_word' id='word_1_294' title='bbox 519 4591 694 4659; x_wconf 86' lang='lat' dir='ltr'><strong>dicendo.</strong></span> <span class='ocrx_word' id='word_1_295' title='bbox 726 4591 821 4658; x_wconf 82' lang='lat' dir='ltr'><strong>(ium</strong></span> <span class='ocrx_word' id='word_1_296' title='bbox 844 4591 945 4656; x_wconf 91' lang='lat' dir='ltr'><strong>enim</strong></span> <span class='ocrx_word' id='word_1_297' title='bbox 970 4594 1162 4674; x_wconf 90' lang='lat' dir='ltr'><strong>praetores</strong></span> <span class='ocrx_word' id='word_1_298' title='bbox 1181 4594 1290 4660; x_wconf 88' lang='lat' dir='ltr'><strong>Verri</strong></span> <span class='ocrx_word' id='word_1_299' title='bbox 1314 4593 1488 4662; x_wconf 86' lang='lat' dir='ltr'><strong>faverent</strong></span> <span class='ocrx_word' id='word_1_300' title='bbox 1509 4593 1774 4676; x_wconf 91' lang='lat' dir='ltr'><strong>iudiciumque</strong></span> 
     </span>
     <span class='ocr_line' id='line_1_34' title="bbox 293 4716 1771 4808; baseline 0.004 -28"><span class='ocrx_word' id='word_1_301' title='bbox 293 4717 427 4784; x_wconf 90' lang='lat' dir='ltr'><strong>multis</strong></span> <span class='ocrx_word' id='word_1_302' title='bbox 456 4716 711 4797; x_wconf 89' lang='lat' dir='ltr'><strong>dilationibus</strong></span> <span class='ocrx_word' id='word_1_303' title='bbox 740 4724 779 4786; x_wconf 92' lang='lat' dir='ltr'><strong>et</strong></span> <span class='ocrx_word' id='word_1_304' title='bbox 810 4719 923 4785; x_wconf 88' lang='lat' dir='ltr'><strong>moris</strong></span> <span class='ocrx_word' id='word_1_305' title='bbox 940 4716 988 4784; x_wconf 92' lang='lat' dir='ltr'><strong>ad</strong></span> <span class='ocrx_word' id='word_1_306' title='bbox 1009 4718 1190 4785; x_wconf 90' lang='lat' dir='ltr'><strong>ultimum</strong></span> <span class='ocrx_word' id='word_1_307' title='bbox 1220 4719 1322 4788; x_wconf 91' lang='lat' dir='ltr'><strong>diem</strong></span> <span class='ocrx_word' id='word_1_308' title='bbox 1351 4723 1561 4808; x_wconf 89' lang='lat' dir='ltr'><strong>traherent,</strong></span> <span class='ocrx_word' id='word_1_309' title='bbox 1590 4721 1771 4805; x_wconf 90' lang='lat' dir='ltr'><strong>quoniam</strong></span> 
     </span>
     <span class='ocr_line' id='line_1_35' title="bbox 293 4825 1857 4940; baseline 0.003 -31"><span class='ocrx_word' id='word_1_310' title='bbox 293 4844 542 4914; x_wconf 88' lang='lat' dir='ltr'><strong>manifestum</strong></span> <span class='ocrx_word' id='word_1_311' title='bbox 573 4854 666 4934; x_wconf 89' lang='lat' dir='ltr'><strong>erat,</strong></span> <span class='ocrx_word' id='word_1_312' title='bbox 696 4849 772 4916; x_wconf 91' lang='lat' dir='ltr'><strong>dici</strong></span> <span class='ocrx_word' id='word_1_313' title='bbox 808 4851 961 4931; x_wconf 89' lang='lat' dir='ltr'><strong>tempus</strong></span> <span class='ocrx_word' id='word_1_314' title='bbox 999 4865 1076 4912; x_wconf 91' lang='lat' dir='ltr'><strong>non</strong></span> <span class='ocrx_word' id='word_1_315' title='bbox 1117 4848 1210 4915; x_wconf 86' lang='lat' dir='ltr'><strong>satis</strong></span> <span class='ocrx_word' id='word_1_316' title='bbox 1248 4850 1422 4918; x_wconf 84' lang='lat' dir='ltr'><strong>futurum</strong></span> <span class='ocrx_word' id='word_1_317' title='bbox 1452 4848 1692 4918; x_wconf 90' lang='lat' dir='ltr'><strong>orationibus</strong></span> <span class='ocrx_word' id='word_1_318' title='bbox 1720 4847 1777 4940; x_wconf 87' lang='lat' dir='ltr'><strong>di·</strong></span> <span class='ocrx_word' id='word_1_319' title='bbox 1852 4825 1857 4834; x_wconf 43' lang='lat'>¹</span> 
     </span>
    </p>
   </div>
   <div class='ocr_carea' id='block_1_7' title="bbox 372 5134 840 5216">
    <p class='ocr_par' dir='ltr' id='par_1_8' title="bbox 372 5134 840 5216">
     <span class='ocr_line' id='line_1_36' title="bbox 372 5134 840 5216; baseline 0 -19"><span class='ocrx_word' id='word_1_320' title='bbox 372 5134 404 5216; x_wconf 85' lang='lat' dir='ltr'><strong>l)</strong></span> <span class='ocrx_word' id='word_1_321' title='bbox 424 5134 486 5198; x_wconf 80' lang='lat' dir='ltr'><strong>Gir.</strong></span> <span class='ocrx_word' id='word_1_322' title='bbox 504 5155 564 5213; x_wconf 78' lang='lat' dir='ltr'><strong>pro</strong></span> <span class='ocrx_word' id='word_1_323' title='bbox 588 5139 727 5209; x_wconf 75' lang='lat' dir='ltr'><strong>Plancio,</strong></span> <span class='ocrx_word' id='word_1_324' title='bbox 750 5136 770 5213; x_wconf 71' lang='grc' dir='ltr'><strong>ἓ</strong></span> <span class='ocrx_word' id='word_1_325' title='bbox 791 5137 840 5197; x_wconf 80' lang='grc'><strong>65.</strong></span> 
     </span>
    </p>
   </div>
   <div class='ocr_carea' id='block_1_8' title="bbox 0 0 2078 5958">
    <p class='ocr_par' dir='ltr' id='par_1_9' title="bbox 0 0 2078 5958">
     <span class='ocr_line' id='line_1_37' title="bbox 0 0 2078 5958; baseline 0 1"><span class='ocrx_word' id='word_1_326' title='bbox 0 0 2078 5958; x_wconf 95' lang='lat' dir='ltr'><strong> </strong></span> 
     </span>
    </p>
   </div>
  </div>
 </body>
</html>
