4146 5958
390 421 439 488 14
573 411 618 484 Di
636 410 887 484 A1›n0210--
903 419 1128 502 quantinus
1156 409 1422 484 Pauranonus
1451 427 1534 485 rire.

334 619 472 681 senatu
501 615 633 681 consul
665 613 842 680 recitavit
871 611 992 699 (Catil.
1023 611 1137 696 litt
1168 611 1243 697 13).
1266 612 1399 695 Neque
1429 632 1530 698 vero,
1552 614 1655 696 quod
1686 614 1814 680 menri-

333 749 467 833 nerirn,
484 747 633 814 Tullius
662 743 793 827 tradIt,
823 740 1415 828 se,di1nissosenatu,dornum
1450 742 1646 810 cuiusdam
1679 762 1807 810 neees-

329 875 420 941 sarii
441 857 734 958 ¹petisso,-cum
764 869 865 935 dorni
896 888 986 937 suae
1018 844 1198 955 mysteria
1227 870 1356 937 Bonae
1387 870 1480 938 deae
1509 870 1806 938 celebrarentur.
1844 873 1845 880 ’

332 1003 435 1068 Hace
465 1017 570 1066 sacra
599 997 807 1082 quotannis
837 997 877 1062 in
907 995 1019 1062 domo
1048 998 1218 1063 consulis
1248 997 1428 1064 celebrari
1460 1003 1499 1064 et
1520 999 1648 1085 peragi
1671 998 1809 1065 sacrifi-

329 1132 388 1198 eia
417 1133 568 1197 tantum
601 1129 649 1194 ab
678 1145 793 1192 uxore
822 1131 861 1192 et
890 1144 912 1192 a
938 1129 1058 1191 matre
1078 1124 1259 1205 consulis,
1282 1127 1549 1208 praesentibus
1572 1126 1806 1210 Vestalibus,

328 1282 403 1329 non
435 1260 662 1328 adducimur
690 1263 734 1325 ut
763 1258 972 1341 credamus,
994 1257 1024 1323 si
1047 1254 1202 1340 quidem
1223 1256 1380 1325 Clodius
1401 1258 1661 1342 deprehensus
1682 1264 1741 1326 est
1760 1280 1807 1330 ea

327 1397 452 1476 nocte,
473 1410 548 1475 qua
577 1389 646 1455 illa
675 1387 854 1474 naysteria
882 1387 1187 1470 celebrabantur,
1209 1389 1246 1453 in
1279 1388 1391 1454 domo
1412 1357 1584 1455 Caesaris
1614 1395 1695 1455 tum
1729 1409 1803 1456 non

327 1521 567 1585 consulatum
600 1517 664 1583 secl
695 1520 910 1598 praeturam
943 1513 1124 1600 gerentis.
1146 1515 1203 1579 Ac
1232 1514 1279 1580 de
1310 1515 1498 1600 prodigio,
1519 1515 1621 1608 quod
1653 1519 1732 1581 turn
1756 1517 1808 1580 vi-

325 1648 425 1715 derit
452 1645 631 1714 Terentia
660 1644 876 1712 sacrificans
899 1643 947 1728 1),
968 1642 1162 1710 consentit
1191 1661 1277 1708 oum
1307 1642 1516 1709 Plutarcho
1546 1643 1621 1716 Dio
1651 1643 1806 1711 Cassius

325 1779 543 1864 (XXXVII,
574 1775 650 1862 35),
680 1776 745 1843 sed
775 1794 824 1841 ne
854 1774 1011 1841 verbum
1043 1773 1196 1857 quidem
1229 1774 1535 1857 apmlsrullium
1565 1775 1804 1862 reperirnus3

323 1908 479 1975 Servius
507 1907 744 1974 mentionem
778 1905 888 1971 inicit
916 1903 963 1970 ad
993 1905 1108 1990 Verg.
1125 1903 1256 1989 Eulog.
1280 1902 1389 1988 VIII,
1415 1905 1488 1970 106
1521 1900 1572 1990 2),
1593 1905 1804 1990 laudatque

323 2036 518 2105 Ciceronis
547 2053 683 2120 poema
712 2033 758 2100 de
779 2034 995 2118 consulatu,
1017 2032 1094 2116 scd,
1113 2052 1197 2098 eum
1221 2033 1268 2099 ad
1289 2052 1433 2099 annum
1458 2034 1608 2114 referat,
1628 2037 1694 2118 qui
1718 2056 1805 2104 eon-

320 2165 487 2229 sulatum
520 2160 780 2246 praecesserit,
797 2159 975 2226 dubitare
994 2161 1098 2244 licet,
1116 2179 1206 2225 nurn
1239 2180 1317 2226 rem
1343 2180 1389 2227 ex
1410 2161 1492 2244 ipso
1513 2167 1691 2245 poemate
1713 2165 1804 2236 Plu·

321 2293 478 2360 tarchus'
504 2292 721 2375 sumpserit.
748 2291 984 2357 Postremarn
1015 2293 1144 2356 autern
1174 2296 1319 2374 partem
1352 2293 1489 2376 eapitis
1520 2294 1800 2363 undevicesimi

318 2422 426 2488 nullo
456 2426 566 2504 paeto
595 2419 816 2486 existimare
846 2437 1047 2503 passumus
1077 2418 1230 2486 ductam
1262 2439 1343 2486 esse
1370 2423 1676 2491 exorationibus
1698 2423 1801 2492 Cice·

318 2553 434 2636 ronis,
455 2550 557 2634 quod
586 2550 624 2615 in
658 2549 726 2616 illa
754 2549 1007 2643 significatur,
1029 2549 1220 2633 plerisque
1251 2550 1471 2617 Ciceronem
1500 2571 1633 2634 parurn
1655 2554 1799 2622 animo-

317 2703 400 2750 sum
433 2681 566 2748 videri.
595 2679 928 2763 Neesenteutias,
960 2698 1054 2762 quas
1083 2684 1210 2762 patres
1240 2678 1409 2746 dixerint
1437 2681 1477 2745 in
1508 2685 1644 2748 senatu
1674 2684 1797 2752 Nonis

317 2813 593 2880 Decembribus
622 2811 668 2877 de
699 2808 905 2894 puniendis
944 2809 1180 2894 coniuratis,
1210 2809 1364 2877 fluxisse
1394 2810 1557 2878 arbitror
1584 2830 1630 2878 ex
1659 2817 1793 2895 quarta

315 2943 556 3026 Catilinaria,
577 2961 661 3007 cum
694 2929 760 3007 eae
790 2958 866 3005 non
899 2941 1061 3005 multura
1094 2945 1550 3024 accurateexponantur.
1572 2941 1728 3010 Etenim
1751 2941 1791 3012 C.

314 3074 452 3142 Caesar
481 3094 555 3140 non
588 3073 750 3154 censuit,
783 3075 826 3136 ut
857 3072 940 3136 vult
967 3070 1211 3155 Plutarchus,
1238 3071 1456 3138 coniuratos
1485 3091 1552 3155 per
1581 3073 1794 3158 rnunipria

312 3202 583 3271 custodiendos
613 3221 706 3286 esse,
736 3200 860 3301 quoad
892 3199 1061 3267 Catilina
1089 3201 1372 3286 debellaretur,
1402 3203 1467 3270 scd
1497 3203 1536 3268 in
1568 3208 1791 3288 perpetuam

312 3334 525 3400 custodiam
570 3331 800 3417 tradendos3
831 3351 956 3414 neque
999 3332 1133 3397 consul
1178 3331 1289 3398 modo
1324 3331 1446 3398 Silani
1477 3331 1588 3399 modo
1619 3331 1793 3404 Caesaris

310 3461 483 3545 opinioni
514 3460 774 3556 adstipulatus
803 3462 873 3543 est,
896 3479 1025 3526 verum
1057 3459 1230 3527 oratione
1250 3458 1535 3526 commendavit
1554 3460 1789 3548 sententiam

310 3594 546 3661 atrociorem.
577 3587 817 3675 Supplicium
857 3595 985 3657 autern
1025 3592 1311 3658 coniuratorum
1341 3595 1381 3657 et
1409 3610 1518 3658 casus
1548 3595 1790 3675 eventusque

307 3743 446 3808 rerum,
473 3743 570 3806 quae
599 3723 827 3807 subsecutae
856 3727 960 3807 sunt,
991 3722 1122 3790 Cicero
1152 3723 1276 3789 obiter
1305 3723 1433 3810 tangit
1462 3742 1538 3788 non
1570 3742 1648 3792 uno
1680 3723 1790 3807 loco;

308 3852 558 3936 Plutarchus,
583 3851 648 3934 qui
680 3852 803 3917 multo
833 3852 989 3918 uberius
1018 3851 1150 3919 eadem
1180 3854 1350 3938 exponit,
1380 3873 1504 3920 rerum
1535 3854 1793 3938 scriptoribus

308 4001 408 4048 usus·
428 3985 498 4065 est,
528 3981 602 4046 nisi
634 3980 721 4062 quis
750 3979 848 4046 forte
878 3983 1026 4048 mavult
1055 3982 1242 4048 coniicere
1272 3959 1424 4049 cius'in
1455 3983 1635 4050 manibus
1669 3983 1790 4052 fuisse

307 4109 623 4176 commentarium
655 4107 701 4173 de
731 4109 934 4174 consulatu
964 4128 986 4174 a
1015 4110 1143 4176 Tullio
1174 4111 1316 4180 Graece
1346 4111 1616 4195 conscriptum.
1642 4112 1717 4184 Sed
1748 4114 1788 4178 in

305 4239 407 4322 turpi
440 4242 613 4304 versatur
642 4256 778 4320 errore,
808 4256 894 4302 cunr
925 4237 1045 4322 dicat,
1075 4237 1171 4304 (lues
1202 4238 1379 4306 tribunos
1408 4239 1553 4323 plebis,
1583 4240 1786 4308 Metellum

303 4367 488 4449 Nepotem
519 4368 559 4431 et
579 4365 762 4448 Bestiam,
781 4363 1056 4448 Caesaremque
1086 4369 1296 4448 praetorem
1329 4365 1587 4450 interdixisse,
1625 4387 1672 4437 ne
1703 4387 1786 4433 con-

382 4663 412 4741 1)
433 4665 504 4740 Cap.
526 4664 575 4724 20:
605 4681 698 4734 cara,
721 4680 787 4721 eum
812 4663 872 4721 iarn
890 4665 1004 4738 sopitus
1027 4681 1092 4722 csse
1109 4664 1195 4740 ignis
1221 4663 1392 4734 videretur,
1416 4679 1454 4720 ex
1469 4644 1624 4722 cineroct
1640 4663 1785 4722 crematis

297 4787 461 4846 corticibus
475 4777 641 4846 'flammam
665 4787 819 4861 copiosam
844 4787 1094 4863 splendiclarnque
1116 4785 1211 4844 edidit
1226 4805 1254 4844 >›.

377 4912 410 4984 2)
435 4913 542 4970 «Cum
576 4911 675 4992 (uxor
705 4908 880 4987 Ciceronis)
914 4919 980 4987 post
1006 4917 1160 4987 peractum
1191 4910 1375 4970 sacrificium
1409 4928 1477 4969 curn
1503 4910 1598 4969 libare
1631 4908 1722 4968 vellet
1749 4910 1779 4968 in

298 5039 443 5111 cinerem,
465 5055 498 5096 ea
525 5037 590 5112 ipso
613 5037 713 5096 cinere
735 5035 861 5096 flamma
881 5036 1023 5108 surrexit,
1046 5053 1122 5111 quae
1143 5033 1268 5094 flamma
1295 5035 1448 5094 consulem
1472 5034 1605 5096 futurum
1633 5034 1699 5095 cius
1723 5051 1783 5096 rna·

294 5164 400 5238 ritum,
422 5161 499 5224 'sictrt
521 5162 628 5224 Cicero
651 5162 757 5223 insuo
780 5167 909 5223 testatur
932 5166 1111 5242 poemate».
