4146 5958
365 401 413 481 28
541 409 589 481 D’
605 411 856 482 Annomo—
872 415 1089 502 Qunrnrus
1116 391 1384 486 Paurauoaus
1413 398 1498 488 nro.

304 605 387 671 tum
408 603 448 669 in
470 603 602 672 urbem
624 607 774 676 venisse
794 627 816 676 a
835 610 1042 677 Plutarcho
1064 610 1299 697 perhibetur,
1320 616 1436 695 atque
1449 611 1579 679 solum
1612 609 1787 682 Caesaris

303 731 452 800 colendi
475 749 609 819 'cansa
632 735 853 819 primusque
882 735 1001 804 fuisse
1025 738 1212 822 omnium,
1232 739 1299 820 qui
1329 758 1448 806 novos
1477 738 1640 805 honores
1668 737 1701 804 ei
1724 737 1786 803 de-

218 943 220 950 ,
301 860 513 929 cernerent.
546 861 652 948 Quae
681 862 850 950 quidem,
880 869 924 931 ut
944 870 1049 950 sunt,
1080 883 1164 932 mea
1193 864 1346 948 quidem
1379 869 1586 952 sententia,
1612 865 1784 934 remotis-

301 990 399 1060 sima
428 1011 450 1060 a
479 1013 594 1080 vero,
634 995 688 1061 cic
716 1013 794 1060 non
824 999 1004 1079 poteraut
1037 1015 1058 1062 e
1087 996 1239 1080 scriptis
1277 998 1468 1065 Tullianis
1506 997 1690 1066 derivari.⁴
1713 996 1783 1064 Ne-

301 1142 376 1207 que
415 1123 455 1190 in
486 1122 548 1191 bis
585 1121 697 1190 video
731 1122 833 1205 quod
873 1122 1004 1191 Cicero
1038 1122 1178 1190 dixerit
1214 1123 1261 1190 de
1300 1123 1479 1209 Caesare,
1514 1124 1581 1208 qui
1609 1124 1782 1208 Pompeii

300 1253 448 1318 s'tatuas
492 1248 660 1319 deiectas
702 1251 796 1338 erigi
837 1252 1022 1319 iussisset.
1062 1252 1273 1319 Historiam
1313 1253 1501 1338 cogitasse
1539 1251 1778 1318 conscribere

300 1376 549 1465 Ciceronem,
578 1380 696 1447 etiam
726 1379 924 1466 colligitur
961 1398 1006 1446 ex
1035 1379 1133 1445 libro
1163 1379 1285 1463 primo
1323 1381 1370 1447 de
1400 1381 1551 1468 legibus
1580 1383 1599 1463 q
1630 1382 1677 1449 5:
1708 1378 1774 1446 sed

299 1509 474 1575 nonest
510 1506 742 1594 verisimile,
781 1509 826 1573 ut
854 1507 1029 1591 persequi
1060 1507 1226 1574 voluerit
1264 1507 1450 1575 rationem
1494 1512 1650 1574 secutus
1686 1526 1778 1574 saue

298 1634 497 1721 ineptam,
535 1654 634 1718 quae
673 1639 732 1703 est
769 1635 872 1719 apud
910 1636 1132 1719 scriptorem
1172 1637 1385 1721 Graecum,
1426 1637 1648 1721 praesertim
1690 1655 1778 1712 cum

297 1766 375 1829 tam
413 1765 607 1848 praeclara
645 1761 692 1830 de
729 1762 930 1830 scribenda
962 1764 1124 1832 historia
1156 1770 1359 1848 praecepta
1387 1764 1590 1832 tradiderit
1620 1764 1667 1849 1).
1704 1766 1778 1830 Res

296 1895 426 1960 autem
464 1892 694 1960 domesticas
731 1892 950 1978 Ciceronis,
981 1893 1188 1962 divortium
1227 1913 1313 1961 cum
1349 1893 1553 1979 Terentia,
1586 1896 1784 1962 matrimo'

296 2019 405 2087 nium
444 2041 529 2088 cum
569 2022 765 2107 Publilia,
815 2023 977 2088 alterum
1018 2022 1224 2089 divortium
1266 2028 1341 2090 tam
1383 2023 1572 2090 invidiose
1618 2023 1776 2105 exponit

294 2130 556 2234 Plutarchus,
597 2154 641 2215 ut
684 2167 797 2216 nemo
835 2149 1053 2215 existimare
1096 2155 1213 2234 queat
1250 2170 1270 2217 e
1308 2151 1461 2234 scriptis
1504 2149 1694 2218 Tullianis
1731 2167 1777 2214 ca

295 2274 484 2347 fluxisse'

320 2417 322 2423 '
401 2404 463 2474 Ad
483 2425 542 2474 res
563 2405 858 2493 cognoscendas,
880 2422 976 2490 quas
1006 2406 1137 2473 Cicero
1158 2408 1319 2494 gesserit
1338 2407 1428 2474 inde
1448 2426 1471 2474 a
1490 2406 1661 2474 Caesaris
1682 2426 1775 2474 nece

292 2534 489 2618 usquead
519 2535 719 2602 interitum
759 2538 960 2603 consulum
1005 2536 1123 2602 Hirtii
1155 2543 1194 2603 et
1222 2538 1371 2603 Pansae
1408 2540 1524 2619 atque
1564 2536 1682 2602 etiam
1722 2534 1768 2601 ad

289 2662 575 2730 triumviratum
598 2663 813 2749 Octaviani,
836 2665 996 2732 Antonii
1028 2669 1067 2733 et
1086 2665 1235 2751 Lepidi,
1252 2679 1329 2734 tam
1352 2646 1535 2752 magnum
1557 2670 1597 2732 et
1616 2664 1768 2729 firmum

287 2792 502 2860 subsidium
545 2794 797 2879 suppeditant
831 2767 1025 2882 orationes
1053 2795 1295 2880 Philippicae
1329 2800 1445 2878 atque
1474 2793 1690 2878 epistulae,
1722 2797 1766 2859 ut

288 2939 334 2987 ex
363 2923 419 3022 eis
438 2924 667 2990 uberrimam
699 2913 815 3006 atque
845 2925 1096 2990 certissimam
1128 2897 1388 2991 narrationem
1420 2927 1622 2990 contexere
1643 2920 1771 2994 liceat.

288 3050 362 3117 Sed
383 3053 447 3136 qui
469 3043 706 3137 reputaverit
721 3072 766 3119 ea
781 3071 878 3136 quae
899 3054 936 3118 in
950 3025 1037 3120 ¹vita
1051 3059 1269 3139 narrantur,
1285 3054 1397 3120 iacile
1413 3053 1488 3121 sibi
1508 3052 1766 3137 persuadebit,

286 3179 509 3265 scriptorem
541 3181 725 3247 Graecum
758 3181 845 3248 aliis
873 3181 1046 3249 sontibus
1067 3199 1175 3250 usum
1208 3201 1301 3268 esse,
1331 3183 1449 3249 libros
1478 3182 1677 3250 Tullianos
1709 3200 1768 3247 ne-

286 3308 464 3394 glexisse.
494 3309 552 3375 Ac
582 3309 748 3392 primum
781 3309 935 3392 quidem
970 3310 1200 3412 monendum
1234 3315 1304 3397 est,
1334 3330 1421 3378 eum
1452 3311 1524 3378 sibi
1555 3309 1627 3394 ipsi
1662 3329 1769 3394 repu-

284 3457 429 3525 gnare,
459 3438 560 3522 quod
590 3439 661 3506 hoc
694 3438 778 3504 loco
816 3437 933 3524 dicit,
971 3437 1153 3506 Cicerone
1187 3441 1382 3506 neminem
1421 3440 1593 3523 iniquius
1631 3440 1767 3506 tulisse

286 3537 458 3670 Caesaris
470 3568 787 3652 dominationem,
804 3568 999 3634 neminem
1017 3568 1285 3636 vehementius
1299 3570 1458 3638 liberam
1476 3589 1554 3636 rem
1570 3569 1764 3653 publicam

282 3697 528 3798 desiderasse,
549 3718 632 3766 cum
655 3717 769 3781 supra
797 3697 960 3763 eundem
984 3695 1155 3764 Caesaris
1175 3702 1448 3766 assentatorem
1470 3697 1759 3782 praedicaverit.

283 3824 570 3895 Coniurationis
610 3829 739 3895 autem
770 3828 810 3893 in
841 3824 1039 3893 Caesarem
1070 3825 1193 3893 factae
1223 3813 1423 3911 propterea
1451 3827 1508 3893 ait
1537 3846 1612 3892 non
1643 3826 1762 3893 fnisse

280 3954 528 4041 participem,
565 3955 667 4039 quod
700 3953 889 4022 coniurati
930 3972 1015 4018 cum
1053 3953 1137 4018 eius
1170 3954 1372 4040 ingenium
1413 3960 1552 4021 natura
1580 3951 1780 4018 timidum.

280 4087 510 4170 metuerent,
528 4090 622 4151 ¹tum
655 4088 820 4152 aetatem
850 4087 1082 4167 provectam,
1104 4103 1180 4166 qua
1199 4085 1315 4151 etiam
1348 4086 1418 4152 viri
1448 4083 1648 4151 fortissimi
1679 4084 1759 4149 ani·

278 4233 340 4279 mo
370 4213 590 4282 deficerent.
612 4213 821 4281 interfecto
850 4210 1023 4295 Caesare,
1045 4212 1262 4279 Antonium
1294 4214 1413 4281 tradit
1432 4215 1596 4299 primum
1620 4211 1761 4280 dixisse

277 4338 324 4405 de
352 4341 556 4409 concordia
583 4343 623 4409 in
646 4346 795 4409 senatu.
826 4341 968 4416 Verum
1000 4338 1132 4406 Cicero
1152 4340 1293 4410 diserte
1322 4343 1492 4410 declarat
1523 4341 1631 4428 (Phil.
1658 4339 1690 4423 I,
1723 4339 1758 4426 1)

276 4487 315 4535 se
335 4469 462 4554 ipsum
493 4459 626 4540 iecisse
647 4470 903 4538 fundamenta
931 4468 1047 4553 pacis3
1077 4467 1177 4534 hanc
1196 4468 1363 4553 denique
1391 4490 1459 4555 per
1477 4469 1695 4538 Antonium
1716 4474 1758 4535 et
1777 4521 1780 4528 .

274 4618 342 4682 per
372 4602 513 4670 liberos
546 4604 630 4671 eius
667 4622 752 4671 cum
792 4599 1133 4685 praestantissimis
1171 4600 1320 4669 civibus
1354 4621 1436 4669 esse
1474 4600 1751 4668 confirmatam.

274 4893 332 4951 sim
357 4895 386 4951 in
410 4893 449 4950 iis
465 4893 542 4952 meis
566 4891 741 4966 praediolis,
755 4907 830 4966 quae
852 4898 919 4950 suot
942 4891 1028 4951 huius
1051 4892 1207 4968 temporis3
1229 4891 1299 4966 quia
1318 4887 1518 4966 frequentiam
1535 4891 1622 4952 illam
1640 4912 1698 4954 non
1713 4896 1758 4954 fa·

272 4985 330 5077 cile
352 4987 505 5078 ferrem».
585 5033 589 5042 “

353 5143 383 5223 1)
405 5141 467 5202 Cir.
490 5140 671 5218 praesertim
694 5140 730 5198 de
751 5146 829 5199 crat.
854 5139 891 5208 ll,
914 5140 934 5216 ξ
954 5140 995 5200 36
1015 5145 1045 5198 et
1067 5141 1115 5213 623
1137 5139 1231 5198 etiam
1257 5137 1343 5198 Crat.
1368 5140 1387 5214 5
1410 5139 1476 5200 120.
